2408 3832
99 165 173 236 168,
310 213 322 220 ..
378 204 381 210 ·
425 163 799 221 LANNAELSENEOAE
849 170 852 178 '

101 333 180 394 quas
203 313 315 375 rettuli
338 334 448 377 causas
471 313 633 396 plerisque
663 313 786 396 placuit
810 313 844 376 in
867 335 905 376 ea
926 315 1018 396 parte
1043 311 1119 376 atris

100 402 206 464 nivem
238 403 373 486 concipi,
405 423 487 485 quae
510 402 617 467 vicina
646 402 739 466 terris
770 406 827 483 est,
857 405 890 466 et
920 402 992 465 ideo
1015 401 1120 465 minus

100 490 235 575 alligari,
267 491 343 572 quia
365 492 488 555 minore
517 493 624 576 rigore
649 492 721 555 coit.
768 513 843 555 nam
866 492 991 555 vicinus
1016 495 1072 554 aer
1092 493 1121 554 et

99 581 172 662 plus
206 579 303 643 habet
335 580 478 665 frigoris,
513 603 610 663 quam
642 584 679 644 ut
711 587 745 643 in
773 602 891 663 aquam
919 579 1120 662 imbremque

98 672 252 750 transeat,
283 672 315 732 et
344 670 464 752 minus,
495 692 592 752 quam
623 674 661 733 ut
691 669 823 733 duretur
851 670 895 732 in,
918 669 1119 754 grandinem:
1137 692 1150 733 s

98 756 161 823 hoo
190 757 296 821 medio
327 758 446 842 frigore
476 780 542 822 non
571 758 667 822 nimis
696 757 819 823 intento
843 759 932 822 nives
964 758 1050 821 fiunt
1074 779 1120 822 oo·

99 847 178 910 actis
202 848 301 929 aquis.
870 902 872 907 .

66 952 80 1000 1
102 979 112 983 =-
140 933 220 998 1-13.
245 935 343 1011 ‘Quid
361 937 461 1019 istas’,
484 938 602 1020 inquis,
627 936 789 1020 ‘ineptias
809 936 927 1019 quibus
949 935 1121 1000 litteratior

100 1026 149 1087 est
182 1025 330 1108 quisque,
365 1048 432 1089 non
467 1027 595 1108 melior,
628 1030 694 1090 tam
728 1047 860 1108 operose
896 1024 1120 1108 persequeris?

101 1114 264 1195 quomodo
294 1115 375 1178 fiant
397 1116 487 1179 nives
518 1116 611 1199 dicis,
642 1137 715 1179 cum
745 1117 848 1178 multo
872 1115 976 1198 magis
1000 1113 1043 1178 ad
1064 1135 1119 1178 nos
1132 1137 1152 1176 u

101 1202 164 1266 dici
197 1225 215 1266 a
247 1207 278 1266 te
310 1205 482 1286 pertineat,
513 1227 610 1288 quare
641 1205 791 1268 emendae
820 1211 884 1267 non
916 1204 982 1267 sint
1012 1201 1120 1268 nives'

99 1290 190 1355 iubes
208 1314 260 1355 me
282 1292 372 1356 litem
393 1315 465 1356 cum
487 1294 616 1357 luxuria
633 1293 782 1379 litigare?
820 1292 1019 1357 cotidianum
1039 1292 1121 1357 istud

100 1384 132 1444 et
156 1381 224 1444 sine
248 1381 363 1446 effectu
388 1383 528 1466 iurgium
552 1386 607 1446 est.
654 1384 819 1467 litigemus
849 1385 966 1462 tamen,
997 1381 1120 1446 etiamsi

101 1469 247 1553 superior
275 1471 385 1534 futura
414 1476 475 1535 est:
507 1476 687 1557 pugnantes
719 1493 756 1535 ac
784 1473 978 1535 reluctantes
1007 1471 1119 1535 vincat

65 1558 180 1641 aquid
211 1559 330 1642 porro?
366 1559 450 1626 hanc
482 1561 585 1645 ipsam
617 1560 850 1644 inspectionem
877 1564 1011 1623 naturae
1041 1559 1152 1624 nihils

75 1671 78 1675 ·
100 1648 222 1712 iudicas
247 1648 287 1711 ad
310 1649 351 1731 id,
371 1649 533 1732 quodvis,
557 1651 713 1714 conferre:
738 1671 811 1714 cum
832 1649 1026 1732 quaerimus,
1047 1670 1120 1732 quo·

99 1737 196 1801 modo
214 1737 272 1803 nix
289 1739 355 1820 fiat,
374 1742 406 1801 et
425 1738 560 1803 dicimus
584 1740 673 1803 illam
695 1740 829 1823 pruinae
848 1739 986 1802 similem
1006 1738 1120 1803 habere

99 1829 260 1908 naturam,
293 1829 366 1910 plus
399 1828 448 1891 illi
481 1829 612 1910 spiritus
627 1876 629 1880 Α
643 1850 740 1910 quam
771 1849 873 1910 aquae
905 1827 1025 1910 inesse,
1058 1835 1120 1891 non

100 1919 195 1998 putas
219 1917 406 1998 exprobrari
428 1918 507 1998 illis,
532 1938 605 1980 cum
628 1939 732 1981 emere
756 1938 874 1999 aquam
897 1919 992 1999 turpe
1017 1917 1074 2000 sit,
1096 1916 1121 1980 si

64 2021 80 2067 3
99 2026 140 2067 ne
164 2026 279 2086 aquam
300 2005 428 2088 quidem
449 2005 581 2069 emunt?
617 2010 676 2071 nos
694 2027 770 2069 vero
790 2027 980 2088 quaeramus
1003 2007 1152 2088 potiusne

100 2093 262 2176 quomodo
281 2094 361 2158 fiant
378 2095 467 2158 nives
483 2117 582 2176 quam
598 2095 760 2177 quomodo
780 2097 953 2176 serventur,
970 2095 1120 2177 quoniam

99 2204 166 2245 non
203 2184 345 2247 contenti
377 2184 452 2246 vina
485 2183 673 2266 diffrmdere,
706 2185 862 2248 veteraria
885 2205 955 2266 >per
992 2205 1120 2268 sapores

101 2274 283 2354 aetatesque
308 2273 489 2356 disponere,
517 2274 711 2355 invenimus,
738 2273 899 2357 quomodo
929 2271 1120 2356 stiparemus

100 2361 216 2444 nivem,
235 2364 272 2424 ut
290 2383 327 2425 ea
346 2365 499 2426 aestatem
514 2363 674 2427 evinceret
692 2367 724 2427 et
738 2366 850 2426 contra
868 2362 944 2425 anni
962 2362 1121 2426 fervorem

101 2449 323 2514 defenderetur
340 2452 405 2514 loci
423 2451 551 2536 frigore.
591 2452 669 2534 quid
688 2451 748 2517 hac
770 2452 1120 2536 diligentiaconsecuti
1132 2473 1154 2514 a

109 2764 111 2768 ’
174 2755 188 2801 1
212 2750 311 2803 rettuli
335 2752 369 2823 E]
400 2750 484 2805 retuli
505 2753 551 2820 ]2
578 2751 687 2821 concipi
713 2752 808 2804 niuem
832 2752 891 2805 coll.
916 2752 965 2805 dl
983 2754 1027 2820 ]8
1053 2751 1122 2824 coit]

102 2819 180 2873 choit
192 2827 214 2872 r
240 2821 318 2875 cohit
330 2827 356 2875 Η
371 2824 376 2891 Ι
392 2823 432 2894 et]
452 2829 563 2891 071qu
584 2824 593 2893 ΙΙ
614 2828 630 2875 6
648 2823 744 2894 nimis]
763 2823 855 2875 minus
870 2828 937 2875 ἰοῦ
960 2823 1066 2876 minius
1080 2826 1123 2892 P]

101 2891 319 3034 ngl]ts,me.4q.n
330 2894 397 3018 iius]
415 2893 819 3019 sinilluidloisisliieidllis
833 2895 927 3019 deind
944 2894 966 3017 l]
980 2900 1014 3017 l⁰²
1030 2894 1123 3035 lullis

101 3033 195 3087 dicere
214 3006 406 3105 d'pertineat
433 2966 490 3089 dici
516 3052 533 3089 a
558 3039 587 3090 te
612 3037 670 3091 coll.
690 3039 737 3106 ΖΙ
764 3037 831 3106 sint]
860 2984 969 3090 suntgll
993 3040 1001 3107 ΙΙ
1026 2983 1069 3091 12p
1077 3008 1123 3092 me

100 3103 179 3159 litem
200 3105 260 3176 Ge]
289 3110 412 3161 mentem
431 3109 492 3161 δΦ
519 3123 564 3161 me
586 3110 619 3161 tn
637 3114 694 3174 Es,
720 3114 795 3176 potes
816 3123 862 3162 me
884 3108 1000 3161 tandem
1023 3111 1095 3164 coni.
1114 3111 1124 3179 ΙΙ

100 3181 131 3228 13
151 3177 186 3247 si]
205 3194 226 3231 a.
246 3178 262 3230 l.
282 3183 305 3230 Δ
323 3196 374 3233 om.
393 3197 413 3247 η
432 3178 519 3232 etiam
539 3211 572 3219 -
592 3179 690 3233 uincat
708 3196 757 3233 om.
777 3184 821 3233 Bc
840 3181 849 3248 ΙΙ
867 3184 898 3231 14
915 3182 1076 3248 pugnantes
1093 3222 1122 3236 ..

100 3247 284 3320 reluctantes]
307 3250 358 3304 -tis
383 3250 424 3304 bis
441 3249 553 3303 1111’12
577 3252 586 3320 Η
608 3256 638 3303 17
658 3251 788 3321 pruinae]
811 3250 909 3320 pluuie
928 3252 951 3304 d
967 3254 970 3319 Ι
988 3251 1123 3324 similem]

101 3326 165 3372 aule
182 3319 283 3388 pruine
302 3323 323 3375 λ
337 3329 401 3392 post
419 3321 523 3375 habere
541 3327 563 3374 E
582 3323 687 3392 ]19]20
706 3322 730 3374 si
748 3338 783 3375 ne
802 3323 865 3393 RH]
885 3322 946 3374 sine
966 3325 998 3375 Φ
1026 3323 1051 3376 si
1069 3340 1122 3378 nec

101 3391 156 3459 d]
179 3396 214 3444 20
238 3393 346 3464 emunt]
375 3395 470 3446 emant
494 3395 541 3464 λρ
563 3394 572 3461 ΙΙ
596 3398 631 3445 22
654 3393 806 3464 ueteraria]
836 3395 865 3447 et
891 3393 1122 3463 uete1·ari{autz

101 3463 236 3516 ueterana
260 3466 290 3516 et
308 3466 340 3531 d,
360 3466 407 3518 aed
429 3466 463 3532 cf.
483 3481 522 3533 ep.
543 3468 605 3531 114,
619 3469 657 3519 26
675 3466 684 3534 ]
702 3469 736 3517 93
757 3463 834 3534 stip]
861 3464 909 3518 isti
937 3480 1068 3533 paremus
1090 3469 1125 3521 Φ

89 3533 159 3585 istis
173 3550 237 3603 par,
258 3541 304 3590 Es
325 3538 338 3609 J]
359 3541 396 3591 24
415 3536 472 3611 eu]
495 3534 623 3591 uinceret
640 3543 684 3589 ΕΒ
