<?xml version="1.0" encoding="UTF-8"?>
<!DOCTYPE html PUBLIC "-//W3C//DTD XHTML 1.0 Transitional//EN"
    "http://www.w3.org/TR/xhtml1/DTD/xhtml1-transitional.dtd">
<html xmlns="http://www.w3.org/1999/xhtml" xml:lang="en" lang="en">
 <head>
  <title>
</title>
<meta http-equiv="Content-Type" content="text/html;charset=utf-8" />
  <meta name='ocr-system' content='tesseract 3.04.00' />
  <meta name='ocr-capabilities' content='ocr_page ocr_carea ocr_par ocr_line ocrx_word'/>
</head>
<body>
  <div class='ocr_page' id='page_1' title='image "./lannaeisenecaeo04senegoog_0026.png"; bbox 0 0 2408 3832; ppageno 0'>
   <div class='ocr_carea' id='block_1_1' title="bbox 112 156 728 214">
    <p class='ocr_par' dir='ltr' id='par_1_1' title="bbox 112 156 728 214">
     <span class='ocr_line' id='line_1_1' title="bbox 112 156 728 214; baseline -0.003 0"><span class='ocrx_word' id='word_1_1' title='bbox 112 160 189 214; x_wconf 85' lang='lat' dir='ltr'>XXII</span> <span class='ocrx_word' id='word_1_2' title='bbox 521 156 728 212; x_wconf 72' lang='lat' dir='ltr'><strong>PRAEFATIO</strong></span> 
     </span>
    </p>
   </div>
   <div class='ocr_carea' id='block_1_2' title="bbox 60 309 1139 570">
    <p class='ocr_par' dir='ltr' id='par_1_2' title="bbox 60 309 1139 570">
     <span class='ocr_line' id='line_1_2' title="bbox 60 309 1138 385; baseline -0.004 -13"><span class='ocrx_word' id='word_1_3' title='bbox 60 309 86 372; x_wconf 91' lang='grc' dir='ltr'><em>Δ</em></span> <span class='ocrx_word' id='word_1_4' title='bbox 112 351 117 358; x_wconf 90' lang='grc'><strong>-</strong></span> <span class='ocrx_word' id='word_1_5' title='bbox 185 311 299 370; x_wconf 89' lang='lat' dir='ltr'><strong>Iterum</strong></span> <span class='ocrx_word' id='word_1_6' title='bbox 321 311 401 369; x_wconf 90' lang='lat' dir='ltr'><strong>idem</strong></span> <span class='ocrx_word' id='word_1_7' title='bbox 425 309 602 385; x_wconf 86' lang='lat' dir='ltr'><strong>archetypus</strong></span> <span class='ocrx_word' id='word_1_8' title='bbox 621 328 640 368; x_wconf 87' lang='lat' dir='ltr'><strong>a</strong></span> <span class='ocrx_word' id='word_1_9' title='bbox 657 309 802 368; x_wconf 90' lang='lat' dir='ltr'><strong>monacho</strong></span> <span class='ocrx_word' id='word_1_10' title='bbox 820 311 993 384; x_wconf 75' lang='lat' dir='ltr'><strong>recentiore,</strong></span> <span class='ocrx_word' id='word_1_11' title='bbox 1015 310 1138 369; x_wconf 89' lang='lat' dir='ltr'><strong>saeculo</strong></span> 
     </span>
     <span class='ocr_line' id='line_1_3' title="bbox 118 389 1138 479; baseline 0.001 -21"><span class='ocrx_word' id='word_1_12' title='bbox 118 401 244 459; x_wconf 85' lang='lat' dir='ltr'><strong>fortasse</strong></span> <span class='ocrx_word' id='word_1_13' title='bbox 268 399 310 458; x_wconf 86' lang='lat' dir='ltr'><strong>XI</strong></span> <span class='ocrx_word' id='word_1_14' title='bbox 332 400 381 459; x_wconf 92' lang='lat' dir='ltr'><strong>vel</strong></span> <span class='ocrx_word' id='word_1_15' title='bbox 403 399 431 456; x_wconf 90' lang='lat' dir='ltr'>X</span> <span class='ocrx_word' id='word_1_16' title='bbox 454 401 591 472; x_wconf 83' lang='lat' dir='ltr'><strong>exeunte,</strong></span> <span class='ocrx_word' id='word_1_17' title='bbox 626 398 791 474; x_wconf 84' lang='lat' dir='ltr'><strong>descriptus</strong></span> <span class='ocrx_word' id='word_1_18' title='bbox 819 401 865 456; x_wconf 90' lang='lat' dir='ltr'><strong>est</strong></span> <span class='ocrx_word' id='word_1_19' title='bbox 888 389 1021 479; x_wconf 59' lang='lat' dir='ltr'><strong>(Studsl</strong></span> <span class='ocrx_word' id='word_1_20' title='bbox 1040 399 1138 475; x_wconf 87' lang='lat' dir='ltr'><strong>8sqq.</strong></span> 
     </span>
     <span class='ocr_line' id='line_1_4' title="bbox 116 480 1139 570; baseline -0.001 -23"><span class='ocrx_word' id='word_1_21' title='bbox 116 489 148 547; x_wconf 91' lang='grc' dir='ltr'><strong><em>Π</em></strong></span> <span class='ocrx_word' id='word_1_22' title='bbox 168 480 308 570; x_wconf 87' lang='lat' dir='ltr'><strong>35sqq.).</strong></span> <span class='ocrx_word' id='word_1_23' title='bbox 349 487 414 548; x_wconf 93' lang='lat' dir='ltr'><strong>Hoc</strong></span> <span class='ocrx_word' id='word_1_24' title='bbox 437 488 633 566; x_wconf 78' lang='lat' dir='ltr'>apographon</span> <span class='ocrx_word' id='word_1_25' title='bbox 656 485 683 546; x_wconf 88' lang='grc' dir='ltr'><em>Δ</em></span> <span class='ocrx_word' id='word_1_26' title='bbox 707 487 893 564; x_wconf 85' lang='lat' dir='ltr'><strong>neglegentis</strong></span> <span class='ocrx_word' id='word_1_27' title='bbox 917 488 1082 563; x_wconf 84' lang='lat' dir='ltr'><strong>scripturae</strong></span> <span class='ocrx_word' id='word_1_28' title='bbox 1107 494 1139 546; x_wconf 88' lang='lat' dir='ltr'><strong>ot</strong></span> 
     </span>
    </p>
   </div>
   <div class='ocr_carea' id='block_1_3' title="bbox 110 575 1137 2349">
    <p class='ocr_par' dir='ltr' id='par_1_3' title="bbox 112 575 1137 1188">
     <span class='ocr_line' id='line_1_5' title="bbox 116 575 1137 652; baseline -0.002 -15"><span class='ocrx_word' id='word_1_29' title='bbox 116 579 292 637; x_wconf 81' lang='lat' dir='ltr'><strong>lacunosum</strong></span> <span class='ocrx_word' id='word_1_30' title='bbox 315 596 411 652; x_wconf 91' lang='lat' dir='ltr'><strong>neque</strong></span> <span class='ocrx_word' id='word_1_31' title='bbox 435 576 472 635; x_wconf 92' lang='lat' dir='ltr'><strong>ab</strong></span> <span class='ocrx_word' id='word_1_32' title='bbox 500 575 783 652; x_wconf 77' lang='lat' dir='ltr'><strong>interpolationibus</strong></span> <span class='ocrx_word' id='word_1_33' title='bbox 805 577 909 634; x_wconf 89' lang='lat' dir='ltr'><strong>multis</strong></span> <span class='ocrx_word' id='word_1_34' title='bbox 933 576 1137 652; x_wconf 79' lang='lat' dir='ltr'><strong>gravibusque</strong></span> 
     </span>
     <span class='ocr_line' id='line_1_6' title="bbox 116 664 1137 741; baseline -0.001 -15"><span class='ocrx_word' id='word_1_35' title='bbox 116 667 245 726; x_wconf 89' lang='lat' dir='ltr'><strong>liberum</strong></span> <span class='ocrx_word' id='word_1_36' title='bbox 271 669 304 725; x_wconf 92' lang='lat' dir='ltr'><strong>in</strong></span> <span class='ocrx_word' id='word_1_37' title='bbox 333 665 494 725; x_wconf 77' lang='lat' dir='ltr'><strong>Germania</strong></span> <span class='ocrx_word' id='word_1_38' title='bbox 522 668 673 741; x_wconf 86' lang='lat' dir='ltr'><strong>superiore</strong></span> <span class='ocrx_word' id='word_1_39' title='bbox 702 665 808 741; x_wconf 90' lang='lat' dir='ltr'><strong>opinor</strong></span> <span class='ocrx_word' id='word_1_40' title='bbox 836 664 1019 725; x_wconf 87' lang='lat' dir='ltr'><strong>servabatur.</strong></span> <span class='ocrx_word' id='word_1_41' title='bbox 1066 666 1137 725; x_wconf 92' lang='lat' dir='ltr'><strong>inde</strong></span> 
     </span>
     <span class='ocr_line' id='line_1_7' title="bbox 116 755 1137 830; baseline -0.002 -14"><span class='ocrx_word' id='word_1_42' title='bbox 116 756 195 816; x_wconf 85' lang='lat' dir='ltr'><strong>enim</strong></span> <span class='ocrx_word' id='word_1_43' title='bbox 218 756 305 814; x_wconf 88' lang='lat' dir='ltr'><strong>fluxit</strong></span> <span class='ocrx_word' id='word_1_44' title='bbox 323 756 459 815; x_wconf 85' lang='lat' dir='ltr'><strong>codicum</strong></span> <span class='ocrx_word' id='word_1_45' title='bbox 481 755 658 814; x_wconf 89' lang='lat' dir='ltr'><strong>mutilorum</strong></span> <span class='ocrx_word' id='word_1_46' title='bbox 680 755 834 828; x_wconf 89' lang='lat' dir='ltr'><strong>memoria,</strong></span> <span class='ocrx_word' id='word_1_47' title='bbox 857 773 987 830; x_wconf 92' lang='lat' dir='ltr'><strong>quorum</strong></span> <span class='ocrx_word' id='word_1_48' title='bbox 1009 773 1079 829; x_wconf 86' lang='lat' dir='ltr'><strong>pars</strong></span> <span class='ocrx_word' id='word_1_49' title='bbox 1104 755 1137 814; x_wconf 94' lang='lat' dir='ltr'><strong>in</strong></span> 
     </span>
     <span class='ocr_line' id='line_1_8' title="bbox 113 837 1136 923; baseline -0.001 -19"><span class='ocrx_word' id='word_1_50' title='bbox 113 845 302 906; x_wconf 87' lang='lat' dir='ltr'><strong>monasteriis</strong></span> <span class='ocrx_word' id='word_1_51' title='bbox 330 843 514 904; x_wconf 83' lang='lat' dir='ltr'><strong>Germanicis</strong></span> <span class='ocrx_word' id='word_1_52' title='bbox 546 844 604 901; x_wconf 86' lang='lat' dir='ltr'><strong>fuit</strong></span> <span class='ocrx_word' id='word_1_53' title='bbox 632 843 681 902; x_wconf 91' lang='lat' dir='ltr'><strong>vel</strong></span> <span class='ocrx_word' id='word_1_54' title='bbox 713 862 792 902; x_wconf 87' lang='lat' dir='ltr'><strong>nunc</strong></span> <span class='ocrx_word' id='word_1_55' title='bbox 824 848 870 902; x_wconf 90' lang='lat' dir='ltr'><strong>est</strong></span> <span class='ocrx_word' id='word_1_56' title='bbox 899 837 966 923; x_wconf 73' lang='lat' dir='ltr'><strong>(d),</strong></span> <span class='ocrx_word' id='word_1_57' title='bbox 998 862 1069 918; x_wconf 89' lang='lat' dir='ltr'><strong>pars</strong></span> <span class='ocrx_word' id='word_1_58' title='bbox 1102 846 1136 903; x_wconf 92' lang='lat' dir='ltr'><strong>in</strong></span> 
     </span>
     <span class='ocr_line' id='line_1_9' title="bbox 112 926 1136 1016; baseline -0.002 -22"><span class='ocrx_word' id='word_1_59' title='bbox 112 934 203 994; x_wconf 83' lang='lat' dir='ltr'><strong>Italia</strong></span> <span class='ocrx_word' id='word_1_60' title='bbox 232 926 290 1016; x_wconf 77' lang='lat' dir='ltr'><strong>(a),</strong></span> <span class='ocrx_word' id='word_1_61' title='bbox 317 934 396 992; x_wconf 91' lang='lat' dir='ltr'><strong>unde</strong></span> <span class='ocrx_word' id='word_1_62' title='bbox 424 933 495 991; x_wconf 89' lang='lat' dir='ltr'><strong>libri</strong></span> <span class='ocrx_word' id='word_1_63' title='bbox 523 933 662 1010; x_wconf 84' lang='lat' dir='ltr'><strong>vulgares</strong></span> <span class='ocrx_word' id='word_1_64' title='bbox 691 932 811 990; x_wconf 88' lang='lat' dir='ltr'><strong>aliunde</strong></span> <span class='ocrx_word' id='word_1_65' title='bbox 841 932 972 1008; x_wconf 85' lang='lat' dir='ltr'><strong>suppleti</strong></span> <span class='ocrx_word' id='word_1_66' title='bbox 1004 933 1136 1007; x_wconf 90' lang='lat' dir='ltr'><strong>pendere</strong></span> 
     </span>
     <span class='ocr_line' id='line_1_10' title="bbox 112 1019 1136 1100; baseline -0.001 -18"><span class='ocrx_word' id='word_1_67' title='bbox 112 1022 260 1082; x_wconf 86' lang='lat' dir='ltr'><strong>videntur.</strong></span> <span class='ocrx_word' id='word_1_68' title='bbox 306 1024 400 1098; x_wconf 89' lang='lat' dir='ltr'><strong>ipsius</strong></span> <span class='ocrx_word' id='word_1_69' title='bbox 431 1021 540 1081; x_wconf 88' lang='lat' dir='ltr'><strong>codicis</strong></span> <span class='ocrx_word' id='word_1_70' title='bbox 564 1019 591 1080; x_wconf 88' lang='grc' dir='ltr'><em>Δ</em></span> <span class='ocrx_word' id='word_1_71' title='bbox 622 1021 702 1080; x_wconf 87' lang='lat' dir='ltr'><strong>ultra</strong></span> <span class='ocrx_word' id='word_1_72' title='bbox 732 1023 887 1080; x_wconf 87' lang='lat' dir='ltr'><strong>saeculum</strong></span> <span class='ocrx_word' id='word_1_73' title='bbox 909 1020 984 1079; x_wconf 80' lang='lat' dir='ltr'><strong>xm</strong></span> <span class='ocrx_word' id='word_1_74' title='bbox 1006 1022 1136 1100; x_wconf 89' lang='lat' dir='ltr'><strong>vestigia</strong></span> 
     </span>
     <span class='ocr_line' id='line_1_11' title="bbox 112 1114 982 1188; baseline -0.001 -18"><span class='ocrx_word' id='word_1_75' title='bbox 112 1132 172 1171; x_wconf 92' lang='lat' dir='ltr'><strong>non</strong></span> <span class='ocrx_word' id='word_1_76' title='bbox 195 1114 392 1188; x_wconf 87' lang='lat' dir='ltr'><strong>reperiuntur.</strong></span> <span class='ocrx_word' id='word_1_77' title='bbox 482 1146 484 1150; x_wconf 63' lang='lat'>=</span> <span class='ocrx_word' id='word_1_78' title='bbox 980 1127 982 1131; x_wconf 56' lang='lat'><strong><em>⁴</em></strong></span> 
     </span>
    </p>

    <p class='ocr_par' dir='ltr' id='par_1_4' title="bbox 110 1199 1135 2349">
     <span class='ocr_line' id='line_1_12' title="bbox 183 1199 1135 1277; baseline 0.001 -19"><span class='ocrx_word' id='word_1_79' title='bbox 183 1202 371 1277; x_wconf 86' lang='lat' dir='ltr'><strong>Archetypus</strong></span> <span class='ocrx_word' id='word_1_80' title='bbox 395 1203 459 1276; x_wconf 90' lang='lat' dir='ltr'><strong>ipse</strong></span> <span class='ocrx_word' id='word_1_81' title='bbox 477 1219 546 1258; x_wconf 84' lang='lat' dir='ltr'><strong>mox</strong></span> <span class='ocrx_word' id='word_1_82' title='bbox 565 1202 646 1258; x_wconf 85' lang='lat' dir='ltr'><strong>totus</strong></span> <span class='ocrx_word' id='word_1_83' title='bbox 664 1199 841 1258; x_wconf 87' lang='lat' dir='ltr'><strong>interiturus</strong></span> <span class='ocrx_word' id='word_1_84' title='bbox 860 1199 921 1258; x_wconf 88' lang='lat' dir='ltr'><strong>illis</strong></span> <span class='ocrx_word' id='word_1_85' title='bbox 940 1200 1135 1275; x_wconf 78' lang='lat' dir='ltr'><strong>temporibus,</strong></span> 
     </span>
     <span class='ocr_line' id='line_1_13' title="bbox 113 1289 1134 1370; baseline 0 -22"><span class='ocrx_word' id='word_1_86' title='bbox 113 1309 181 1348; x_wconf 90' lang='lat' dir='ltr'><strong>curn</strong></span> <span class='ocrx_word' id='word_1_87' title='bbox 204 1291 312 1348; x_wconf 87' lang='lat' dir='ltr'><strong>iterum</strong></span> <span class='ocrx_word' id='word_1_88' title='bbox 338 1289 571 1363; x_wconf 78' lang='lat' dir='ltr'><strong>describebatur,</strong></span> <span class='ocrx_word' id='word_1_89' title='bbox 599 1291 659 1370; x_wconf 83' lang='lat' dir='ltr'><strong>iam</strong></span> <span class='ocrx_word' id='word_1_90' title='bbox 683 1289 826 1347; x_wconf 87' lang='lat' dir='ltr'><strong>maiorem</strong></span> <span class='ocrx_word' id='word_1_91' title='bbox 854 1289 953 1348; x_wconf 88' lang='lat' dir='ltr'><strong>labem</strong></span> <span class='ocrx_word' id='word_1_92' title='bbox 976 1308 1134 1364; x_wconf 88' lang='lat' dir='ltr'><strong>perpessus</strong></span> 
     </span>
     <span class='ocr_line' id='line_1_14' title="bbox 113 1377 1135 1456; baseline 0.002 -20"><span class='ocrx_word' id='word_1_93' title='bbox 113 1378 215 1437; x_wconf 91' lang='lat' dir='ltr'><strong>multis</strong></span> <span class='ocrx_word' id='word_1_94' title='bbox 239 1379 311 1438; x_wconf 90' lang='lat' dir='ltr'><strong>locis</strong></span> <span class='ocrx_word' id='word_1_95' title='bbox 336 1379 436 1437; x_wconf 92' lang='lat' dir='ltr'><strong>oculos</strong></span> <span class='ocrx_word' id='word_1_96' title='bbox 460 1378 622 1456; x_wconf 87' lang='lat' dir='ltr'><strong>legentium</strong></span> <span class='ocrx_word' id='word_1_97' title='bbox 648 1378 811 1436; x_wconf 88' lang='lat' dir='ltr'><strong>miserrime</strong></span> <span class='ocrx_word' id='word_1_98' title='bbox 836 1377 988 1437; x_wconf 88' lang='lat' dir='ltr'><strong>cruciabat</strong></span> <span class='ocrx_word' id='word_1_99' title='bbox 1007 1381 1037 1436; x_wconf 88' lang='lat' dir='ltr'><strong>et</strong></span> <span class='ocrx_word' id='word_1_100' title='bbox 1060 1377 1135 1438; x_wconf 84' lang='lat' dir='ltr'><strong>folia</strong></span> 
     </span>
     <span class='ocr_line' id='line_1_15' title="bbox 112 1466 1134 1543; baseline 0.001 -18"><span class='ocrx_word' id='word_1_101' title='bbox 112 1487 174 1526; x_wconf 92' lang='lat' dir='ltr'><strong>non</strong></span> <span class='ocrx_word' id='word_1_102' title='bbox 188 1469 285 1527; x_wconf 92' lang='lat' dir='ltr'><strong>solum</strong></span> <span class='ocrx_word' id='word_1_103' title='bbox 299 1473 388 1526; x_wconf 84' lang='lat' dir='ltr'><strong>antea</strong></span> <span class='ocrx_word' id='word_1_104' title='bbox 403 1467 557 1543; x_wconf 87' lang='lat' dir='ltr'><strong>deperdita</strong></span> <span class='ocrx_word' id='word_1_105' title='bbox 577 1466 627 1524; x_wconf 88' lang='lat' dir='ltr'><strong>sed</strong></span> <span class='ocrx_word' id='word_1_106' title='bbox 642 1468 732 1525; x_wconf 87' lang='lat' dir='ltr'><strong>etiam</strong></span> <span class='ocrx_word' id='word_1_107' title='bbox 750 1467 959 1542; x_wconf 85' lang='lat' dir='ltr'><strong>praecedentia</strong></span> <span class='ocrx_word' id='word_1_108' title='bbox 979 1469 1134 1526; x_wconf 86' lang='lat' dir='ltr'><strong>amiserat:</strong></span> 
     </span>
     <span class='ocr_line' id='line_1_16' title="bbox 113 1554 1134 1634; baseline 0 -20"><span class='ocrx_word' id='word_1_109' title='bbox 113 1556 236 1615; x_wconf 87' lang='lat' dir='ltr'><strong>deerant</strong></span> <span class='ocrx_word' id='word_1_110' title='bbox 254 1557 348 1634; x_wconf 87' lang='lat' dir='ltr'><strong>igitur</strong></span> <span class='ocrx_word' id='word_1_111' title='bbox 367 1560 447 1616; x_wconf 86' lang='lat' dir='ltr'><strong>totus</strong></span> <span class='ocrx_word' id='word_1_112' title='bbox 466 1556 543 1614; x_wconf 87' lang='lat' dir='ltr'><strong>liber</strong></span> <span class='ocrx_word' id='word_1_113' title='bbox 560 1554 639 1628; x_wconf 87' lang='lat' dir='ltr'><strong>IVa,</strong></span> <span class='ocrx_word' id='word_1_114' title='bbox 662 1556 770 1613; x_wconf 88' lang='lat' dir='ltr'><strong>ultima</strong></span> <span class='ocrx_word' id='word_1_115' title='bbox 789 1556 860 1614; x_wconf 86' lang='lat' dir='ltr'><strong>libri</strong></span> <span class='ocrx_word' id='word_1_116' title='bbox 877 1556 1043 1631; x_wconf 66' lang='lat' dir='ltr'><strong>IH’capita</strong></span> <span class='ocrx_word' id='word_1_117' title='bbox 1064 1557 1134 1614; x_wconf 88' lang='lat' dir='ltr'><strong>inde</strong></span> 
     </span>
     <span class='ocr_line' id='line_1_17' title="bbox 114 1637 1134 1726; baseline 0 -22"><span class='ocrx_word' id='word_1_118' title='bbox 114 1664 132 1704; x_wconf 88' lang='lat' dir='ltr'><strong>a</strong></span> <span class='ocrx_word' id='word_1_119' title='bbox 151 1645 250 1706; x_wconf 89' lang='lat' dir='ltr'><strong>verbis</strong></span> <span class='ocrx_word' id='word_1_120' title='bbox 270 1649 438 1721; x_wconf 72' lang='lat' dir='ltr'><strong>efferuntur,</strong></span> <span class='ocrx_word' id='word_1_121' title='bbox 461 1647 606 1719; x_wconf 82' lang='lat' dir='ltr'><strong>quaedam</strong></span> <span class='ocrx_word' id='word_1_122' title='bbox 625 1646 665 1704; x_wconf 86' lang='lat' dir='ltr'><strong>cd</strong></span> <span class='ocrx_word' id='word_1_123' title='bbox 682 1646 779 1704; x_wconf 82' lang='lat' dir='ltr'><strong>medio</strong></span> <span class='ocrx_word' id='word_1_124' title='bbox 799 1637 860 1724; x_wconf 89' lang='lat' dir='ltr'><strong>(HI</strong></span> <span class='ocrx_word' id='word_1_125' title='bbox 877 1647 928 1719; x_wconf 79' lang='lat'><strong>25,</strong></span> <span class='ocrx_word' id='word_1_126' title='bbox 944 1638 988 1726; x_wconf 83' lang='lat'><strong>6),</strong></span> <span class='ocrx_word' id='word_1_127' title='bbox 1007 1644 1134 1722; x_wconf 88' lang='lat' dir='ltr'><strong>denique</strong></span> 
     </span>
     <span class='ocr_line' id='line_1_18' title="bbox 113 1732 1134 1812; baseline 0.001 -20"><span class='ocrx_word' id='word_1_128' title='bbox 113 1735 266 1794; x_wconf 86' lang='lat' dir='ltr'><strong>exordium</strong></span> <span class='ocrx_word' id='word_1_129' title='bbox 290 1735 360 1794; x_wconf 90' lang='lat' dir='ltr'><strong>libri</strong></span> <span class='ocrx_word' id='word_1_130' title='bbox 377 1735 422 1793; x_wconf 89' lang='lat' dir='ltr'><strong>IV</strong></span> <span class='ocrx_word' id='word_1_131' title='bbox 428 1735 456 1793; x_wconf 93' lang='lat' dir='ltr'><strong>b.</strong></span> <span class='ocrx_word' id='word_1_132' title='bbox 495 1735 660 1812; x_wconf 86' lang='lat' dir='ltr'><strong>apographi</strong></span> <span class='ocrx_word' id='word_1_133' title='bbox 679 1732 705 1792; x_wconf 84' lang='grc' dir='ltr'><em>Δ</em></span> <span class='ocrx_word' id='word_1_134' title='bbox 728 1734 824 1792; x_wconf 87' lang='lat' dir='ltr'><strong>scriba</strong></span> <span class='ocrx_word' id='word_1_135' title='bbox 848 1737 980 1811; x_wconf 86' lang='lat' dir='ltr'><strong>integros</strong></span> <span class='ocrx_word' id='word_1_136' title='bbox 1004 1736 1134 1810; x_wconf 87' lang='lat' dir='ltr'><strong>reperie-</strong></span> 
     </span>
     <span class='ocr_line' id='line_1_19' title="bbox 113 1817 1135 1901; baseline 0.001 -20"><span class='ocrx_word' id='word_1_137' title='bbox 113 1823 165 1883; x_wconf 89' lang='lat' dir='ltr'><strong>bat</strong></span> <span class='ocrx_word' id='word_1_138' title='bbox 194 1823 286 1884; x_wconf 90' lang='lat' dir='ltr'><strong>libros</strong></span> <span class='ocrx_word' id='word_1_139' title='bbox 309 1824 416 1882; x_wconf 90' lang='lat' dir='ltr'>I-HI</span> <span class='ocrx_word' id='word_1_140' title='bbox 437 1842 530 1900; x_wconf 92' lang='lat' dir='ltr'><strong>usque</strong></span> <span class='ocrx_word' id='word_1_141' title='bbox 555 1824 592 1881; x_wconf 87' lang='lat' dir='ltr'><strong>ad</strong></span> <span class='ocrx_word' id='word_1_142' title='bbox 616 1823 706 1881; x_wconf 88' lang='lat' dir='ltr'><strong>verba</strong></span> <span class='ocrx_word' id='word_1_143' title='bbox 734 1842 827 1896; x_wconf 82' lang='lat' dir='ltr'><strong>supro</strong></span> <span class='ocrx_word' id='word_1_144' title='bbox 856 1842 965 1896; x_wconf 79' lang='lat' dir='ltr'><strong>equom</strong></span> <span class='ocrx_word' id='word_1_145' title='bbox 988 1827 1047 1882; x_wconf 85' lang='lat' dir='ltr'><strong>tota</strong></span> <span class='ocrx_word' id='word_1_146' title='bbox 1071 1817 1135 1901; x_wconf 88' lang='grc' dir='ltr'><strong>(ΙΠ</strong></span> 
     </span>
     <span class='ocr_line' id='line_1_20' title="bbox 114 1904 1134 1992; baseline 0 -21"><span class='ocrx_word' id='word_1_147' title='bbox 114 1913 166 1987; x_wconf 78' lang='grc'><strong>25,</strong></span> <span class='ocrx_word' id='word_1_148' title='bbox 182 1905 216 1992; x_wconf 78' lang='lat'><strong>6)</strong></span> <span class='ocrx_word' id='word_1_149' title='bbox 245 1915 275 1970; x_wconf 85' lang='lat' dir='ltr'><strong>et</strong></span> <span class='ocrx_word' id='word_1_150' title='bbox 302 1917 418 1989; x_wconf 83' lang='lat' dir='ltr'><strong>partem</strong></span> <span class='ocrx_word' id='word_1_151' title='bbox 447 1913 573 1970; x_wconf 86' lang='lat' dir='ltr'><strong>alteram</strong></span> <span class='ocrx_word' id='word_1_152' title='bbox 601 1904 684 1992; x_wconf 87' lang='lat' dir='ltr'><strong>(IVb</strong></span> <span class='ocrx_word' id='word_1_153' title='bbox 706 1912 830 1970; x_wconf 88' lang='lat' dir='ltr'><strong>3—Vll</strong></span> <span class='ocrx_word' id='word_1_154' title='bbox 845 1909 912 1984; x_wconf 72' lang='lat' dir='ltr'><strong>en).</strong></span> <span class='ocrx_word' id='word_1_155' title='bbox 960 1915 1051 1987; x_wconf 85' lang='lat' dir='ltr'><strong>atque</strong></span> <span class='ocrx_word' id='word_1_156' title='bbox 1078 1913 1134 1972; x_wconf 90' lang='lat' dir='ltr'><strong>hos</strong></span> 
     </span>
     <span class='ocr_line' id='line_1_21' title="bbox 112 2000 1134 2078; baseline 0.001 -19"><span class='ocrx_word' id='word_1_157' title='bbox 112 2001 230 2062; x_wconf 89' lang='lat' dir='ltr'><strong>libellos</strong></span> <span class='ocrx_word' id='word_1_158' title='bbox 258 2004 290 2061; x_wconf 90' lang='lat' dir='ltr'><strong>in</strong></span> <span class='ocrx_word' id='word_1_159' title='bbox 317 2002 478 2078; x_wconf 87' lang='lat' dir='ltr'><strong>pristinum</strong></span> <span class='ocrx_word' id='word_1_160' title='bbox 501 2001 635 2059; x_wconf 89' lang='lat' dir='ltr'><strong>ordinem</strong></span> <span class='ocrx_word' id='word_1_161' title='bbox 657 2000 793 2060; x_wconf 87' lang='lat' dir='ltr'><strong>redactos</strong></span> <span class='ocrx_word' id='word_1_162' title='bbox 817 2001 949 2060; x_wconf 86' lang='lat' dir='ltr'><strong>reddidit</strong></span> <span class='ocrx_word' id='word_1_163' title='bbox 972 2004 1003 2059; x_wconf 89' lang='lat' dir='ltr'><strong>et</strong></span> <span class='ocrx_word' id='word_1_164' title='bbox 1025 2001 1134 2060; x_wconf 87' lang='lat' dir='ltr'><strong>lacuna</strong></span> 
     </span>
     <span class='ocr_line' id='line_1_22' title="bbox 111 2089 1132 2150; baseline -0.001 -1"><span class='ocrx_word' id='word_1_165' title='bbox 111 2110 172 2150; x_wconf 90' lang='lat' dir='ltr'><strong>non</strong></span> <span class='ocrx_word' id='word_1_166' title='bbox 196 2091 402 2150; x_wconf 87' lang='lat' dir='ltr'><strong>animadversa</strong></span> <span class='ocrx_word' id='word_1_167' title='bbox 425 2090 517 2149; x_wconf 90' lang='lat' dir='ltr'><strong>libros</strong></span> <span class='ocrx_word' id='word_1_168' title='bbox 541 2108 660 2148; x_wconf 91' lang='lat' dir='ltr'><strong>mancos</strong></span> <span class='ocrx_word' id='word_1_169' title='bbox 684 2089 731 2146; x_wconf 89' lang='lat' dir='ltr'><strong>Ill</strong></span> <span class='ocrx_word' id='word_1_170' title='bbox 750 2092 780 2147; x_wconf 91' lang='lat' dir='ltr'><strong>et</strong></span> <span class='ocrx_word' id='word_1_171' title='bbox 800 2089 869 2148; x_wconf 90' lang='lat' dir='ltr'><strong>IVb</strong></span> <span class='ocrx_word' id='word_1_172' title='bbox 892 2091 924 2148; x_wconf 94' lang='lat' dir='ltr'><strong>in</strong></span> <span class='ocrx_word' id='word_1_173' title='bbox 947 2110 1041 2148; x_wconf 90' lang='lat' dir='ltr'><strong>uuum</strong></span> <span class='ocrx_word' id='word_1_174' title='bbox 1064 2109 1132 2150; x_wconf 92' lang='lat' dir='ltr'><strong>con-</strong></span> 
     </span>
     <span class='ocr_line' id='line_1_23' title="bbox 110 2171 1134 2256; baseline 0.001 -19"><span class='ocrx_word' id='word_1_175' title='bbox 110 2171 200 2238; x_wconf 83' lang='lat' dir='ltr'><strong>flatos</strong></span> <span class='ocrx_word' id='word_1_176' title='bbox 226 2180 367 2238; x_wconf 84' lang='lat' dir='ltr'><strong>exhibuit.</strong></span> <span class='ocrx_word' id='word_1_177' title='bbox 411 2181 514 2254; x_wconf 87' lang='lat' dir='ltr'><strong>itaque</strong></span> <span class='ocrx_word' id='word_1_178' title='bbox 538 2198 588 2239; x_wconf 85' lang='lat' dir='ltr'><strong>sex</strong></span> <span class='ocrx_word' id='word_1_179' title='bbox 615 2178 731 2238; x_wconf 86' lang='lat' dir='ltr'><strong>libellos</strong></span> <span class='ocrx_word' id='word_1_180' title='bbox 756 2181 924 2237; x_wconf 87' lang='lat' dir='ltr'><strong>numeravit</strong></span> <span class='ocrx_word' id='word_1_181' title='bbox 948 2179 1134 2256; x_wconf 83' lang='lat' dir='ltr'><strong>singulisque</strong></span> 
     </span>
     <span class='ocr_line' id='line_1_24' title="bbox 113 2260 874 2349; baseline 0.001 -24"><span class='ocrx_word' id='word_1_182' title='bbox 113 2288 250 2328; x_wconf 88' lang='lat' dir='ltr'><strong>numeros</strong></span> <span class='ocrx_word' id='word_1_183' title='bbox 274 2269 434 2344; x_wconf 88' lang='lat' dir='ltr'><strong>adscripsit</strong></span> <span class='ocrx_word' id='word_1_184' title='bbox 457 2261 510 2349; x_wconf 84' lang='lat' dir='ltr'><strong>(cs.</strong></span> <span class='ocrx_word' id='word_1_185' title='bbox 535 2267 617 2326; x_wconf 87' lang='lat' dir='ltr'><strong>Stud.</strong></span> <span class='ocrx_word' id='word_1_186' title='bbox 636 2267 653 2325; x_wconf 91' lang='lat' dir='ltr'>I</span> <span class='ocrx_word' id='word_1_187' title='bbox 672 2269 714 2326; x_wconf 87' lang='lat'><strong>30</strong></span> <span class='ocrx_word' id='word_1_188' title='bbox 725 2260 782 2347; x_wconf 88' lang='lat' dir='ltr'><strong>sq.)</strong></span> <span class='ocrx_word' id='word_1_189' title='bbox 806 2267 874 2327; x_wconf 88' lang='lat' dir='ltr'><strong>hos:</strong></span> 
     </span>
    </p>
   </div>
   <div class='ocr_carea' id='block_1_4' title="bbox 373 2385 870 2475">
    <p class='ocr_par' dir='ltr' id='par_1_5' title="bbox 373 2385 870 2475">
     <span class='ocr_line' id='line_1_25' title="bbox 373 2385 870 2475; baseline -0.004 -23"><span class='ocrx_word' id='word_1_190' title='bbox 373 2385 870 2475; x_wconf 71' lang='lat' dir='ltr'><strong>(rum÷1vbvv1vu)</strong></span> 
     </span>
    </p>
   </div>
   <div class='ocr_carea' id='block_1_5' title="bbox 495 2487 647 2512">
    <p class='ocr_par' dir='ltr' id='par_1_6' title="bbox 495 2487 647 2512">
     <span class='ocr_line' id='line_1_26' title="bbox 495 2487 647 2512; baseline -0.007 -6"><span class='ocrx_word' id='word_1_191' title='bbox 495 2487 647 2512; x_wconf 58' lang='grc' dir='ltr'><strong>-ν-</strong></span> 
     </span>
    </p>
   </div>
   <div class='ocr_carea' id='block_1_6' title="bbox 383 2537 839 2594">
    <p class='ocr_par' dir='ltr' id='par_1_7' title="bbox 383 2537 839 2594">
     <span class='ocr_line' id='line_1_27' title="bbox 383 2537 839 2594; baseline 0 -1"><span class='ocrx_word' id='word_1_192' title='bbox 383 2537 451 2594; x_wconf 81' lang='lat'><strong>12</strong></span> <span class='ocrx_word' id='word_1_193' title='bbox 558 2538 576 2593; x_wconf 89' lang='grc'><strong>3</strong></span> <span class='ocrx_word' id='word_1_194' title='bbox 688 2537 839 2593; x_wconf 84' lang='grc'><strong>456</strong></span> 
     </span>
    </p>
   </div>
   <div class='ocr_carea' id='block_1_7' title="bbox 67 2651 1135 3096">
    <p class='ocr_par' dir='ltr' id='par_1_8' title="bbox 67 2651 1135 3096">
     <span class='ocr_line' id='line_1_28' title="bbox 67 2651 1134 2741; baseline 0.001 -21"><span class='ocrx_word' id='word_1_195' title='bbox 67 2662 115 2720; x_wconf 88' lang='grc' dir='ltr'><strong>Φ.</strong></span> <span class='ocrx_word' id='word_1_196' title='bbox 184 2660 313 2720; x_wconf 79' lang='lat' dir='ltr'><strong>Eosdem</strong></span> <span class='ocrx_word' id='word_1_197' title='bbox 336 2679 474 2719; x_wconf 91' lang='lat' dir='ltr'><strong>numeros</strong></span> <span class='ocrx_word' id='word_1_198' title='bbox 497 2659 646 2736; x_wconf 89' lang='lat' dir='ltr'><strong>prioribus</strong></span> <span class='ocrx_word' id='word_1_199' title='bbox 667 2660 781 2718; x_wconf 90' lang='lat' dir='ltr'><strong>duobus</strong></span> <span class='ocrx_word' id='word_1_200' title='bbox 805 2651 869 2739; x_wconf 82' lang='lat' dir='ltr'><strong>(vel</strong></span> <span class='ocrx_word' id='word_1_201' title='bbox 887 2653 997 2741; x_wconf 88' lang='lat' dir='ltr'><strong>tribus)</strong></span> <span class='ocrx_word' id='word_1_202' title='bbox 1017 2661 1134 2722; x_wconf 89' lang='lat' dir='ltr'><strong>omissis</strong></span> 
     </span>
     <span class='ocr_line' id='line_1_29' title="bbox 114 2748 1132 2825; baseline -0.001 -15"><span class='ocrx_word' id='word_1_203' title='bbox 114 2753 219 2825; x_wconf 87' lang='lat' dir='ltr'><strong>postea</strong></span> <span class='ocrx_word' id='word_1_204' title='bbox 251 2749 283 2807; x_wconf 89' lang='lat' dir='ltr'><strong>in</strong></span> <span class='ocrx_word' id='word_1_205' title='bbox 315 2749 546 2825; x_wconf 83' lang='lat' dir='ltr'><strong>subscriptiones</strong></span> <span class='ocrx_word' id='word_1_206' title='bbox 579 2749 714 2807; x_wconf 89' lang='lat' dir='ltr'><strong>codicum</strong></span> <span class='ocrx_word' id='word_1_207' title='bbox 745 2748 869 2806; x_wconf 87' lang='lat' dir='ltr'><strong>alterius</strong></span> <span class='ocrx_word' id='word_1_208' title='bbox 899 2749 1002 2808; x_wconf 88' lang='lat' dir='ltr'><strong>classis</strong></span> <span class='ocrx_word' id='word_1_209' title='bbox 1034 2754 1132 2810; x_wconf 76' lang='lat' dir='ltr'><strong>trans</strong></span> 
     </span>
     <span class='ocr_line' id='line_1_30' title="bbox 113 2830 1133 2922; baseline 0 -26"><span class='ocrx_word' id='word_1_210' title='bbox 113 2838 191 2899; x_wconf 88' lang='lat' dir='ltr'><strong>latos</strong></span> <span class='ocrx_word' id='word_1_211' title='bbox 216 2857 278 2897; x_wconf 89' lang='lat' dir='ltr'><strong>esse</strong></span> <span class='ocrx_word' id='word_1_212' title='bbox 302 2837 454 2897; x_wconf 84' lang='lat' dir='ltr'><strong>Schultess</strong></span> <span class='ocrx_word' id='word_1_213' title='bbox 478 2843 507 2896; x_wconf 91' lang='lat' dir='ltr'><strong>et</strong></span> <span class='ocrx_word' id='word_1_214' title='bbox 533 2857 588 2914; x_wconf 87' lang='lat' dir='ltr'><strong>ego</strong></span> <span class='ocrx_word' id='word_1_215' title='bbox 612 2836 835 2897; x_wconf 90' lang='lat' dir='ltr'><strong>observavimus</strong></span> <span class='ocrx_word' id='word_1_216' title='bbox 860 2830 958 2916; x_wconf 79' lang='lat' dir='ltr'><strong>(stud.</strong></span> <span class='ocrx_word' id='word_1_217' title='bbox 977 2838 993 2896; x_wconf 88' lang='grc' dir='ltr'>Ι</span> <span class='ocrx_word' id='word_1_218' title='bbox 1012 2832 1133 2922; x_wconf 64' lang='lat' dir='ltr'><strong>disq).</strong></span> 
     </span>
     <span class='ocr_line' id='line_1_31' title="bbox 111 2925 1135 3006; baseline 0.001 -19"><span class='ocrx_word' id='word_1_219' title='bbox 111 2928 250 3005; x_wconf 84' lang='lat' dir='ltr'><strong>nonnulli</strong></span> <span class='ocrx_word' id='word_1_220' title='bbox 269 2928 348 2986; x_wconf 88' lang='lat' dir='ltr'><strong>enim</strong></span> <span class='ocrx_word' id='word_1_221' title='bbox 366 2927 481 3002; x_wconf 88' lang='lat' dir='ltr'><strong>horum,</strong></span> <span class='ocrx_word' id='word_1_222' title='bbox 501 2928 553 3003; x_wconf 92' lang='lat' dir='ltr'><strong>qui</strong></span> <span class='ocrx_word' id='word_1_223' title='bbox 570 2927 691 2985; x_wconf 89' lang='lat' dir='ltr'><strong>initium</strong></span> <span class='ocrx_word' id='word_1_224' title='bbox 710 2946 728 2984; x_wconf 91' lang='lat' dir='ltr'><strong>a</strong></span> <span class='ocrx_word' id='word_1_225' title='bbox 751 2925 827 2985; x_wconf 92' lang='lat' dir='ltr'><strong>libro</strong></span> <span class='ocrx_word' id='word_1_226' title='bbox 850 2926 920 2985; x_wconf 90' lang='lat' dir='ltr'><strong>IVb</strong></span> <span class='ocrx_word' id='word_1_227' title='bbox 944 2927 1067 3006; x_wconf 87' lang='lat' dir='ltr'><strong>faciunt,</strong></span> <span class='ocrx_word' id='word_1_228' title='bbox 1091 2930 1135 2988; x_wconf 87' lang='lat' dir='ltr'><strong>sic</strong></span> 
     </span>
     <span class='ocr_line' id='line_1_32' title="bbox 108 3016 443 3096; baseline 0.003 -22"><span class='ocrx_word' id='word_1_229' title='bbox 108 3016 231 3096; x_wconf 82' lang='lat' dir='ltr'><strong>libellos</strong></span> <span class='ocrx_word' id='word_1_230' title='bbox 254 3021 443 3075; x_wconf 86' lang='lat' dir='ltr'><strong>enumerant:</strong></span> 
     </span>
    </p>
   </div>
   <div class='ocr_carea' id='block_1_8' title="bbox 351 3121 896 3272">
    <p class='ocr_par' dir='ltr' id='par_1_9' title="bbox 351 3121 896 3272">
     <span class='ocr_line' id='line_1_33' title="bbox 351 3121 896 3182; baseline -0.004 -1"><span class='ocrx_word' id='word_1_231' title='bbox 351 3121 896 3182; x_wconf 85' lang='lat' dir='ltr'><strong>IVbVVIVIlIlIHIIVa</strong></span> 
     </span>
     <span class='ocr_line' id='line_1_34' title="bbox 375 3212 879 3272; baseline -0.006 0"><span class='ocrx_word' id='word_1_232' title='bbox 375 3216 393 3272; x_wconf 85' lang='lat'><strong>3</strong></span> <span class='ocrx_word' id='word_1_233' title='bbox 448 3213 525 3271; x_wconf 80' lang='lat'><strong>45</strong></span> <span class='ocrx_word' id='word_1_234' title='bbox 581 3214 599 3270; x_wconf 82' lang='lat'><strong>6</strong></span> <span class='ocrx_word' id='word_1_235' title='bbox 665 3212 726 3270; x_wconf 85' lang='grc'><strong>78</strong></span> <span class='ocrx_word' id='word_1_236' title='bbox 771 3214 788 3270; x_wconf 87' lang='grc'>9</span> <span class='ocrx_word' id='word_1_237' title='bbox 838 3213 879 3270; x_wconf 89' lang='grc'><strong>10</strong></span> 
     </span>
    </p>
   </div>
   <div class='ocr_carea' id='block_1_9' title="bbox 97 3325 1136 3591">
    <p class='ocr_par' dir='ltr' id='par_1_10' title="bbox 97 3325 1136 3591">
     <span class='ocr_line' id='line_1_35' title="bbox 115 3325 1136 3414; baseline 0.001 -18"><span class='ocrx_word' id='word_1_238' title='bbox 115 3341 205 3413; x_wconf 86' lang='lat' dir='ltr'><strong>atque</strong></span> <span class='ocrx_word' id='word_1_239' title='bbox 229 3338 283 3397; x_wconf 91' lang='lat' dir='ltr'><strong>has</strong></span> <span class='ocrx_word' id='word_1_240' title='bbox 307 3337 428 3414; x_wconf 89' lang='lat' dir='ltr'><strong>quidem</strong></span> <span class='ocrx_word' id='word_1_241' title='bbox 455 3337 686 3413; x_wconf 88' lang='lat' dir='ltr'><strong>subscriptiones</strong></span> <span class='ocrx_word' id='word_1_242' title='bbox 709 3338 771 3394; x_wconf 89' lang='lat' dir='ltr'><strong>tam</strong></span> <span class='ocrx_word' id='word_1_243' title='bbox 796 3325 1001 3395; x_wconf 86' lang='lat' dir='ltr'><strong>memorabiles</strong></span> <span class='ocrx_word' id='word_1_244' title='bbox 1024 3337 1136 3397; x_wconf 87' lang='lat' dir='ltr'><strong>identi-</strong></span> 
     </span>
     <span class='ocr_line' id='line_1_36' title="bbox 114 3417 1135 3510; baseline 0.002 -25"><span class='ocrx_word' id='word_1_245' title='bbox 114 3426 240 3502; x_wconf 91' lang='lat' dir='ltr'><strong>demque</strong></span> <span class='ocrx_word' id='word_1_246' title='bbox 263 3430 408 3487; x_wconf 84' lang='lat' dir='ltr'><strong>tractatas</strong></span> <span class='ocrx_word' id='word_1_247' title='bbox 432 3445 510 3487; x_wconf 91' lang='lat' dir='ltr'><strong>nunc</strong></span> <span class='ocrx_word' id='word_1_248' title='bbox 532 3429 665 3502; x_wconf 86' lang='lat' dir='ltr'><strong>repetere</strong></span> <span class='ocrx_word' id='word_1_249' title='bbox 687 3417 718 3506; x_wconf 89' lang='lat' dir='ltr'><strong>(e</strong></span> <span class='ocrx_word' id='word_1_250' title='bbox 743 3425 828 3483; x_wconf 85' lang='lat' dir='ltr'><strong>Stud.</strong></span> <span class='ocrx_word' id='word_1_251' title='bbox 847 3424 933 3498; x_wconf 76' lang='lat'>1403</span> <span class='ocrx_word' id='word_1_252' title='bbox 956 3425 988 3483; x_wconf 89' lang='grc' dir='ltr'>Π</span> <span class='ocrx_word' id='word_1_253' title='bbox 1004 3428 1058 3502; x_wconf 79' lang='grc'><strong>11;</strong></span> <span class='ocrx_word' id='word_1_254' title='bbox 1076 3421 1135 3510; x_wconf 84' lang='grc'><strong>14)</strong></span> 
     </span>
     <span class='ocr_line' id='line_1_37' title="bbox 97 3507 717 3591; baseline -0.01 -13"><span class='ocrx_word' id='word_1_255' title='bbox 97 3519 260 3591; x_wconf 66' lang='lat' dir='ltr'><strong>praerosa</strong></span> <span class='ocrx_word' id='word_1_256' title='bbox 285 3517 415 3579; x_wconf 88' lang='lat' dir='ltr'><strong>testibus</strong></span> <span class='ocrx_word' id='word_1_257' title='bbox 437 3516 550 3577; x_wconf 83' lang='lat' dir='ltr'><strong>accedit</strong></span> <span class='ocrx_word' id='word_1_258' title='bbox 573 3516 664 3576; x_wconf 85' lang='lat' dir='ltr'><strong>codex</strong></span> <span class='ocrx_word' id='word_1_259' title='bbox 687 3507 717 3572; x_wconf 81' lang='grc' dir='ltr'><strong>Ζ.</strong></span> 
     </span>
    </p>
   </div>
   <div class='ocr_carea' id='block_1_10' title="bbox 0 0 1208 3832">
    <p class='ocr_par' dir='ltr' id='par_1_11' title="bbox 0 0 1208 3832">
     <span class='ocr_line' id='line_1_38' title="bbox 0 0 1208 3832; baseline 0 1"><span class='ocrx_word' id='word_1_260' title='bbox 0 0 1208 3832; x_wconf 95' lang='lat' dir='ltr'><strong> </strong></span> 
     </span>
    </p>
   </div>
  </div>
 </body>
</html>
