2408 3832
322 63 458 119 NATUR.
478 62 628 129 ausast.
647 63 714 117 LIB.
733 63 779 117 VI.
800 70 912 118 1o-18.
1057 65 1124 130 215

102 212 264 293 aientem,
293 213 371 275 tune
398 211 555 294 impetum
582 231 673 274 mora
702 211 827 292 quaerit
859 213 904 294 et,
937 232 1000 294 quo
1030 211 1125 294 plura

105 301 259 385 opposita
289 303 377 384 sunt,
406 299 479 384 plus
509 300 633 363 invenit
661 299 791 363 virium:
822 301 925 364 omnis
954 301 1039 364 onim
1068 301 1125 363 illa

104 390 207 473 unda,
235 409 317 472 quaa
340 411 359 452 a
381 392 473 474 tergo
502 389 687 471 supervenit
713 392 745 452 et
772 388 807 452 in
834 411 868 453 se
896 390 1024 470 erescit,
1050 410 1124 454 eum

106 500 190 544 onus
218 500 313 542 suum
340 477 497 543 sustinere
523 498 590 541 non
617 478 736 560 potuit,
760 479 825 540 vim
853 478 946 541 ruina
973 481 1066 562 parat
1093 481 1126 543 et

61 593 89 634 -e
105 589 212 652 prona
234 588 308 632 oum
330 567 419 650 ipsis,
443 588 523 649 quaa
547 567 744 650 obiaoobant,
767 567 860 652 fugit.
900 566 984 630 idom
1008 569 1126 651 spiritu

105 657 160 739 fit,
183 657 239 740 qui
263 652 327 738 quo
349 656 508 719 valentior
532 655 711 742 agiliorque
734 659 791 738 est,
817 656 912 720 eitius
936 657 1071 739 eripitur
1094 659 1126 721 ot

105 745 328 811 vehementius
348 749 494 829 saeptum
514 766 608 809 omne
623 744 794 808 disturbat:
814 767 854 809 ex
872 766 936 828 quo
951 749 1058 809 motus
1078 746 1126 829 fit,

107 835 233 900 scilieet
256 835 323 899 aius
348 835 457 918 partis,
481 834 540 898 sub
565 857 628 917 qua
650 838 830 919 pugnatum
850 838 905 898 est.
944 834 1031 917 quod
1050 834 1126 898 diei·
1146 851 1161 898 3

107 929 163 988 tur
192 946 304 989 verum
338 945 407 988 osso
440 927 472 988 et
503 922 561 987 illo
593 923 761 1006 probatur:
794 945 888 1006 saepe
921 945 994 987 oum
1023 927 1126 988 terrae

61 1040 93 1081 so
106 1017 217 1078 motus
235 1013 306 1096 fuit,
331 1013 358 1076 si
376 1012 473 1077 modo
496 1034 570 1095 pars
590 1013 658 1076 eius
682 1013 790 1096 aliqua
809 1013 954 1096 disrupta
973 1016 1030 1095 est,
1053 1013 1127 1078 indo

106 1106 224 1167 vontus
251 1124 310 1185 per
337 1103 456 1165 multos
486 1101 552 1165 dies
580 1101 689 1183 fluxit,
715 1104 753 1165 ut
780 1101 917 1165 traditur
943 1102 1065 1166 factum
1089 1124 1127 1167 eo

107 1193 210 1274 motu,
229 1212 293 1274 quo
314 1188 440 1254 Chalcis
458 1190 630 1255 laboravit:
649 1190 686 1253 id
703 1190 788 1273 apud
807 1189 1128 1275 Asclepiodotum

107 1281 261 1363 invenias,
286 1279 463 1343 auditorem
486 1278 703 1362 Posidonii,
727 1281 761 1342 in
784 1279 834 1343 his
859 1281 938 1363 ipsis
962 1278 1128 1355 Quaestio·

106 1391 188 1434 num
202 1367 407 1433 Naturahum
423 1366 542 1432 Gausis.
571 1370 713 1433 invenias
733 1372 765 1433 ot
784 1369 869 1452 apud
888 1371 967 1434 alios
982 1374 1129 1436 auctores

64 1483 91 1526 rs
105 1459 214 1522 hiasse
242 1479 306 1522 uno
335 1457 408 1523 looo
435 1460 554 1522 terram
582 1461 615 1522 ot
642 1457 716 1522 indo
743 1480 810 1521 non
834 1458 953 1543 exiguo
984 1462 1129 1543 tempora

107 1548 248 1632 spirasse
265 1551 407 1628 ventum,
431 1547 487 1630 qui
507 1547 629 1611 soilioet
652 1546 734 1611 illud
752 1548 814 1610 iter
832 1548 901 1631 ipse
920 1549 982 1612 sibi
1000 1549 1129 1632 fecorat,

105 1659 168 1722 por
190 1635 278 1720 quod
299 1636 468 1700 ferebatur.

180 1724 229 1789 18.
266 1723 408 1789 Maxima
436 1747 512 1810 ergo
541 1746 636 1788 eausa
663 1728 724 1809 est,
754 1729 886 1809 propter
916 1747 1013 1808 quam
1042 1730 1162 1791 torral

106 1818 286 1896 moveatur,
305 1815 437 1898 spiritus
456 1818 570 1878 natura
589 1815 671 1878 uitus
686 1818 719 1879 at
736 1815 845 1879 looum
864 1837 881 1878 e
900 1816 972 1879 looo
991 1818 1119 1878 mutans

182 1958 205 2007 1.
225 1958 243 2006 2
261 1953 296 2019 ef.
316 1953 422 2007 Aetaae
439 1969 464 2006 o.
479 1956 536 2006 380
545 1969 599 2022 sqq.
654 1970 732 2008 mora
750 1954 867 2008 uelocius
885 1960 992 2023 arqeat,

268 2025 378 2093 polluat
397 2024 536 2094 oppositae
554 2026 636 2079 moles
654 2042 687 2080 ae
704 2025 817 2080 oiaeata
835 2030 969 2094 ratapant

274 2139 280 2151 .
302 2137 307 2149 .
329 2138 334 2148 .
354 2096 446 2149 aerior
463 2097 520 2150 teta
538 2096 655 2164 turpatus
673 2099 762 2152 exerit
798 2141 803 2152 .

184 2173 253 2222 e-t
272 2169 307 2234 ef.
328 2168 433 2221 Aetnae
451 2184 475 2221 o.
490 2171 545 2221 320
553 2184 607 2236 sqq.

220 2238 389 2294 volutando
403 2239 545 2306 profundo
564 2245 654 2307 terque
672 2245 819 2307 quaterque
837 2240 970 2293 exhausta
986 2283 990 2292 .
1008 2280 1013 2291 .

219 2311 394 2435 megaiaaut
410 2311 552 2434 fluctuata
566 2311 673 2379 pamas
690 2312 805 2365 altimus
822 2316 913 2379 aryet:

256 2399 276 2434 a
313 2397 460 2435 secas..s
490 2398 629 2436 reas...

221 2459 245 2507 et
263 2469 431 2521 quarumque
449 2399 501 2506 1111
518 2459 565 2518 est,
579 2460 712 2521 properat
729 2453 887 2521 fraayitqae
905 2458 1062 2506 morantem.

109 2531 137 2579 4.
150 2530 166 2577 δ
184 2525 219 2591 ef.
231 2525 336 2579 Aetnae
350 2541 373 2577 o.
384 2528 439 2578 305
447 2540 485 2591 sq.
501 2528 526 2577 et
535 2526 667 2592 proaima
682 2541 770 2578 seeum
784 2524 905 2577 momina
918 2528 975 2577 tota
989 2523 1110 2577 trahant.
1121 2525 1129 2592 11

111 2603 127 2649 8
147 2596 183 2662 ef.
204 2596 309 2650 Aetnae
326 2613 350 2650 o.
365 2599 421 2650 320
435 2599 567 2665 payaaat
583 2597 615 2648 ia
631 2596 762 2662 faucibus
780 2595 885 2662 (oeuti).
901 2596 910 2663 11
925 2599 956 2646 12
975 2593 1130 2662 Asclepiod.

110 2668 202 2722 Zelter
219 2668 311 2734 1111,
322 2671 384 2720 585.
405 2668 414 2735 11
432 2672 525 2734 18-p.
540 2669 631 2732 21o,3
649 2668 684 2733 ef.
700 2668 805 2721 Aetnae
823 2683 846 2720 o.
863 2670 916 2720 359
925 2682 963 2733 sq.
982 2665 1038 2719 siue
1053 2682 1130 2734 pere·

111 2740 203 2811 mais
220 2739 307 2810 iyitur
323 2738 476 2806 propritsoe
490 2739 611 2807 pateatis
627 2739 631 2810 1
647 2741 795 2792 eoaiaraat
813 2738 923 2792 animae
940 2738 1040 2791 eaesis

185 2867 200 2915 1
218 2861 340 2934 quaerit]
364 2861 468 2931 promit
486 2863 509 2916 δ
527 2863 571 2930 12
594 2861 713 2933 invenit]
737 2861 842 2931 aeeipit
860 2863 884 2915 δ
904 2863 907 2930 1
929 2861 991 2932 illa]
1015 2878 1066 2915 om.
1081 2863 1105 2915 δ
1122 2864 1131 2930 11

111 2933 244 3005 4ruina]
264 2950 314 2987 sua
329 2935 392 2988 aad.
408 2934 432 2987 δ
446 2935 454 3002 11
472 2939 490 2985 6
508 2933 540 2988 fit
555 2933 657 3003 spiritu
675 2935 733 2988 coll.
749 2935 772 2988 δ
788 2935 791 3002 1
809 2933 863 3003 est]
878 2950 928 2987 om.
944 2935 965 2986 λ
982 2936 986 3001 1
1002 2932 1132 3006 eripitur]

113 3005 209 3074 erupit
223 3007 328 3071 Rossb„
342 3005 428 3087 'immo
443 3005 566 3088 emurpit
579 3007 588 3074 11
602 3012 618 3057 t
634 3007 745 3074 septum
759 3006 796 3076 o]
812 3005 940 3074 ineptum
954 3021 979 3058 o.
996 3006 1017 3057 λ
1036 3021 1132 3059 omnes

112 3078 231 3218 {tut
247 3075 588 3219 tuttttutut.
601 3078 647 3217 11
664 3077 864 3219 statut
877 3078 1134 3217 11111ἐὲ1

112 3226 145 3274 12
170 3219 262 3289 motu]
289 3220 381 3272 tarrae
407 3221 485 3273 motu
504 3220 527 3273 δ
547 3221 551 3288 1
573 3218 678 3272 chalcis
702 3218 734 3289 Ρ]
763 3217 868 3272 calehis
888 3219 942 3272 θλ
969 3217 1134 3271 chalchiso

113 3290 201 3346 caleis
220 3297 239 3343 Τ
263 3289 365 3343 calceis
384 3293 407 3344 δ
428 3293 431 3360 1
452 3290 483 3343 id
499 3291 558 3361 Ge]
578 3289 654 3356 quod
673 3291 697 3343 δ
715 3307 764 3344 om.
782 3292 814 3342 Φ
835 3292 838 3355 1
860 3288 946 3360 Asci]
968 3289 1069 3357 aselep.
1086 3291 1107 3342 λ
1126 3292 1135 3359 11

111 3367 145 3487 {8
163 3361 321 3486 Rgssigonii
340 3363 410 3415 trad.
425 3367 462 3416 at
469 3378 572 3430 semper
584 3362 592 3430 11
612 3366 643 3414 16
662 3360 723 3431 ipse
742 3361 808 3432 sibi]
831 3360 886 3413 sibi
904 3360 965 3428 ipso
979 3365 996 3412 J
1001 3366 1048 3412 Ka
1072 3360 1135 3429 ipso

159 3450 184 3487 ει
205 3450 216 3485 1
997 3471 1000 3477 ,
