2408 3832
114 165 179 223 xvi
520 162 727 218 PRAEFATIO

115 336 213 394 neque
235 318 330 392 igitur
352 317 451 388 ipsum
470 319 623 372 auctorem
641 316 694 374 sed
712 337 729 374 e
746 337 870 375 numero
888 317 1086 375 familiarium
1105 323 1136 376 et

116 409 282 468 amicorum
305 406 437 479 aliquem
460 407 572 462 mortui
594 407 656 461 iam
679 404 808 464 Senecae
831 425 906 480 opus
929 406 1057 464 edidisse
1079 408 1135 464 ali·

116 500 230 573 qusnto
247 493 371 552 celerius
385 494 595 551 concluseram.
629 496 728 569 ipsum
742 495 822 552 enim
834 496 996 552 editionem
1014 514 1135 568 pmsse

116 603 196 644 nnnc
210 583 305 656 credo,
325 586 460 657 paratam
476 582 515 639 ab
533 582 637 640 amicis
655 587 724 658 post
736 582 864 642 Neronis
877 587 1006 642 mortem
1023 583 1135 641 editam

116 693 189 734 csse.
235 672 427 732 observamus
449 674 529 730 enim
551 676 661 730 novato
685 672 789 730 ordine
815 673 926 731 librom
948 672 964 729 Ι
984 673 1066 748 vulg.
1090 691 1136 730 ce·

117 766 192 822 teris
213 763 416 837 praepositum
440 778 513 833 esse,
534 760 649 818 scilicet
670 761 925 820 luculentissimae
942 761 979 818 de
998 761 1053 819 deo
1077 761 1136 819 dis·

118 853 291 913 certationis
310 868 409 923 causa,
432 855 463 908 et
484 856 606 925 praeter
627 869 694 908 eum
717 850 828 908 librom
844 850 885 924 II,
908 852 992 908 cuins
1014 852 1137 908 initium

119 942 344 1017 dispositionem
358 941 453 998 totius
466 941 611 998 materiae
625 939 765 999 eontinet
798 940 1021 998 observavimus
1035 933 1136 1018 (scon

118 1031 135 1090 I
156 1024 233 1110 125)
257 1034 410 1086 auctorem
433 1031 541 1103 operis,
564 1047 632 1086 cum
653 1049 709 1104 per
730 1034 842 1103 septem
867 1029 985 1087 libellos
1008 1049 1029 1086 a
1044 1033 1137 1086 terre·

119 1123 167 1178 nis
195 1118 232 1177 ad
262 1118 403 1176 caelestia
430 1117 620 1189 ascendisset,
649 1118 687 1176 iis
714 1120 776 1175 iam
803 1122 943 1176 octavum
965 1118 1137 1175 additurum

119 1208 334 1284 impunitionis
360 1206 392 1264 Π
421 1212 437 1264 1
468 1206 557 1264 datae
588 1211 619 1264 et
652 1209 747 1265 totius
778 1209 905 1265 rationis
938 1207 1067 1264 oblitum
1099 1206 1136 1263 ab

121 1298 241 1357 aethere
260 1295 298 1353 ad
321 1304 392 1355 aera
410 1296 560 1370 relapsum
579 1313 652 1368 esse,
673 1299 826 1353 tamenin
844 1297 1031 1370 praefatione
1049 1296 1139 1353 huius

120 1387 217 1446 libelli
246 1386 429 1461 theologiam
458 1386 625 1460 professum
648 1389 777 1442 ceteram
800 1387 957 1444 scientiam
979 1385 1139 1459 despicere.

121 1479 226 1550 itaque
259 1475 416 1533 consilium
444 1493 529 1532 suum
557 1474 660 1548 aliquo
688 1474 776 1532 modo
808 1475 989 1546 immutavit,
1022 1479 1139 1531 mutato

122 1565 227 1624 ordine
249 1568 281 1621 et
303 1564 430 1621 fortasse
451 1565 623 1621 retractatis
645 1563 757 1622 libellis
774 1564 879 1638 primis
898 1567 997 1622 totum
1015 1581 1091 1638 opns
1108 1564 1140 1619 in

122 1655 221 1713 lucem
239 1651 385 1710 edendum
408 1652 467 1711 sibi
489 1652 654 1727 proposuit,
676 1671 774 1728 pauca
790 1653 998 1710 additamenta
1015 1652 1142 1728 singulis

123 1743 210 1802 libris
227 1745 291 1818 ipse
310 1741 421 1799 adiecit
444 1739 494 1820 (cf.
514 1741 551 1800 de
568 1741 616 1799 III
635 1743 721 1814 12,3
744 1735 808 1820 [vel
826 1741 873 1800 ΙΠ
892 1736 948 1819 14]
971 1744 1002 1798 et
1023 1741 1039 1798 I
1063 1741 1141 1813 6,1:

125 1824 353 1910 81111119).

192 1919 258 1980 Hoc
275 1919 433 1979 consilium
452 1925 623 1995 persecutus
642 1924 712 1995 post
728 1938 839 1994 pancos
858 1939 961 1991 annos,
978 1919 1036 1977 ie.
1053 1919 1142 1976 initio

126 2014 236 2070 aetatis
253 2009 425 2082 Flavianae,
443 2007 577 2066 Lucilius
596 2010 710 2067 aliusve
729 2011 901 2082 amicorum,
920 2008 1058 2083 quisquis
1075 2008 1144 2079 fnit

125 2100 299 2176 praemissis
320 2098 406 2156 libris
425 2096 441 2155 I
458 2103 489 2156 et
506 2096 537 2155 11
559 2103 672 2156 ceteros
694 2097 787 2155 libros
809 2117 904 2172 paene
926 2100 1057 2156 intactos
1076 2096 1144 2154 snb-

126 2188 226 2247 iunxit
243 2191 399 2261 totumque
418 2205 493 2262 opus
515 2189 548 2244 in
566 2187 674 2263 vulgus
693 2189 773 2245 exire
796 2189 884 2246 iussit
907 2191 1000 2262 atque
1017 2186 1144 2262 singulis

127 2278 266 2353 dunceps
289 2294 429 2335 numeros
455 2276 539 2334 1-8
563 2276 731 2351 adscripsit.

399 2500 456 2567 ΠΙ.
488 2500 534 2566 lle
558 2501 636 2566 tatis
660 2502 770 2588 operis
794 2500 874 2567 editi

196 2650 362 2710 Historiam
385 2653 484 2707 textus
503 2652 696 2708 vetustiorem
718 2650 850 2725 produnt
872 2651 1053 2721 testimonia,
1072 2667 1145 2723 qno-

129 2760 196 2799 rum
219 2740 307 2798 index
330 2739 369 2798 ad
391 2740 501 2797 calcem
523 2739 613 2797 buius
636 2738 778 2798 editionis
800 2739 920 2815 legitur.

197 2829 315 2888 Primus
333 2829 426 2887 libros
445 2827 502 2886 sibi
520 2821 679 2907 tortasse¹)
697 2827 875 2906 singillatim
892 2829 1000 2887 missos
1012 2826 1147 2886 Lucilius

130 2919 206 2997 legit
239 2921 372 2994 itemque
407 2917 536 2976 nondum
575 2917 671 2976 editos
707 2917 746 2975 u.
775 2918 946 2976 Annaeus
981 2915 1148 2975 Lucanus

131 3007 235 3069 fratris
253 3007 349 3066 Melae
374 3005 464 3080 filius,
487 3008 539 3081 qui
562 3024 629 3063 cum
652 3011 762 3082 patruo
785 3026 811 3064 a.
833 3008 874 3064 65
894 3006 1011 3065 occidit.
1057 3008 1149 3080 atque

131 3099 211 3156 hunc
243 3097 394 3156 nonnullis
426 3097 566 3154 carminis
598 3095 634 3154 de
668 3096 746 3154 bello
777 3096 861 3154 civili
891 3095 1042 3174 pangendi
1073 3095 1148 3152 locis

132 3185 294 3245 Naturales
309 3183 502 3254 Quaestiones
522 3188 685 3260 exprimere
704 3187 882 3261 interpretes
901 3185 1149 3254 observavenmt3

207 3397 232 3464 l)
255 3391 468 3448 Dubitationem
496 3393 571 3447 movi
594 3391 673 3446 Stud.
696 3391 710 3444 I
730 3396 846 3459 131sq.,
872 3405 964 3457 neque
990 3387 1062 3441 mihi
1088 3402 1151 3457 ροι-

131 3465 232 3530 mil,
251 3466 299 3532 ‘tui
319 3481 379 3520 eam
400 3479 490 3534 nuper
502 3463 602 3519 tollere
616 3466 734 3518 conatus
748 3464 804 3515 est:
823 3461 891 3515 Otto
904 3459 1018 3525 Binda,
1035 3459 1081 3513 die
1094 3459 1151 3512 Ab·

110 3532 313 3601 fmnffemt
328 3554 383 3593 oon
400 3536 521 3593 snam
539 3536 665 3603 meto,
683 3534 834 3603 mongon
853 3537 931 3586 reos.
