2408 3832
481 167 686 222 PRAEFATIO
1042 167 1094 221 XV

77 340 171 398 neque
190 322 296 380 seriem
319 320 464 379 librorum
482 320 513 376 in
532 319 712 378 membranis
731 337 794 379 sese
813 318 1022 396 excipientium
1042 338 1095 378 cur

77 411 191 470 scribae
209 411 392 468 mutaverint
410 409 458 468 vel
476 408 549 467 totis
568 407 652 466 libris
671 409 737 468 loco
755 411 878 468 remotis
896 408 1094 483 turbaverint,

76 518 166 560 causa
192 499 321 558 inveniri
348 500 457 575 potest.
503 499 608 573 itaque
630 497 684 555 Th.
703 497 772 556 Birt
798 497 916 576 singula
938 498 1108 563 volumina,

74 606 254 667 papyraceis,
277 606 343 646 cum
366 590 399 646 in
422 586 609 646 membranas
631 586 909 660 transcriberentur,
932 586 1093 663 pristinum

75 678 210 738 ordinem
238 696 297 736 non
320 676 478 735 retinuisse
499 680 583 734 ratus
610 676 679 733 inde
703 674 777 735 duas
801 675 933 734 codicum
963 677 1094 736 familias

75 767 223 845 originem
253 766 379 826 traxisse
414 765 575 825 contendit.
630 764 686 823 hoc
722 764 799 824 falso
831 767 933 841 putari
968 765 1094 840 probavi

76 848 175 939 (Stud.
194 856 209 914 I
228 847 296 936 83),
319 873 415 930 neque
437 855 624 914 voluminum
646 854 769 912 illorum
791 857 908 929 partam
931 856 1094 932 genuinum

78 945 210 1006 ordinem
229 962 361 1003 servasse
379 945 496 1019 partem
515 943 649 1003 amisisse
667 942 868 1002 concesserim.
902 943 1094 1004 observamus

78 1034 155 1093 enim
178 1053 214 1093 ex
236 1034 364 1111 pristino
386 1033 450 1107 illo,
473 1032 525 1108 qui
548 1032 607 1091 suit

291 1167 339 1226 IlI
361 1165 444 1241 IVa‚
466 1165 536 1224 IVb
558 1165 591 1224 Π
613 1166 642 1223 V
665 1165 717 1240 VI,
739 1164 798 1224 Vl]
825 1165 849 1238 1,
876 1168 1071 1226 immutatum

75 1257 156 1316 hunc
201 1255 431 1315 IIIIIIIVa
466 1254 536 1313 IVb
612 1254 708 1313 VVI
739 1253 799 1314 VH

76 1391 189 1449 factum
216 1407 287 1449 esse.
334 1407 385 1448 sex
412 1389 505 1467 igitur
526 1390 682 1448 volumina
709 1408 796 1447 suum
820 1389 954 1448 ordinem
981 1393 1092 1464 tenent,

77 1479 136 1539 duo
167 1481 272 1539 ceteris
302 1478 433 1554 praefixa
463 1478 612 1556 leguntur.
657 1481 762 1554 itaque
793 1480 929 1555 quisquis
960 1478 1093 1538 ordinem

76 1569 209 1639 invertit,
231 1567 392 1643 pristinum
415 1568 501 1625 illum
524 1569 657 1626 noverat
694 1586 791 1642 neque
809 1567 888 1626 hunc
906 1569 966 1626 nisi
985 1586 1019 1624 ex
1038 1586 1092 1625 nu·

75 1657 167 1716 meris
190 1658 221 1714 in
244 1656 512 1732 subscriptionibus
535 1656 647 1714 additis
670 1656 783 1715 scribae
804 1657 922 1716 novisse
940 1658 1093 1733 poterant:

76 1749 163 1822 atqui
185 1746 211 1805 si
233 1746 373 1804 volumen
395 1745 442 1803 HI
466 1746 545 1823 vulg.
569 1744 699 1820 primum
723 1746 863 1819 omnium,
887 1745 944 1805 vol.
959 1745 988 1802 V
1010 1746 1092 1822 vulg.

77 1837 218 1912 quintum
240 1853 303 1894 esse
326 1834 357 1892 in
381 1833 648 1909 subscriptionibus
676 1833 829 1911 legebant,
858 1835 904 1894 his
928 1836 1093 1910 ceterisque

76 1923 344 2001 subscriptionibus
372 1925 450 1983 mele
477 1923 638 1983 intellectis
660 1923 816 1981 volumina
838 1923 854 1982 Ι
877 1926 906 1981 et
928 1924 960 1982 Π
987 1924 1093 1984 ceteris

76 2013 239 2091 praefigere
262 2032 322 2071 non
340 2015 488 2090 poterant.
520 2031 617 2089 neque
635 2013 730 2090 igitur
752 2013 806 2072 hos
828 2031 966 2073 numeros
989 2014 1093 2091 genui-

76 2121 131 2163 nos
155 2095 217 2183 (III
230 2128 265 2149 =
283 2095 315 2182 1)
340 2100 453 2161 scribae
476 2102 624 2180 legebant,
642 2121 739 2178 neque
758 2120 993 2178 papyraoeorum
1010 2103 1094 2162 volu·

76 2193 192 2252 minum
218 2192 297 2250 male
321 2191 541 2250 cohaerentium
564 2192 694 2268 vestigia
717 2193 842 2250 exstant.

143 2281 212 2357 Ipse
235 2284 340 2338 auctor
363 2281 487 2355 eiusque
514 2280 603 2338 amici
630 2281 760 2339 numeris
785 2279 943 2355 adscriptis
965 2280 1093 2338 nonin·

76 2369 227 2447 digebant,
250 2372 392 2445 quoniam
415 2389 473 2445 quo
497 2368 600 2428 ordine
623 2369 734 2448 singuli
761 2368 856 2427 libelli
879 2369 1040 2445 conscripti
1064 2372 1094 2428 et

75 2459 245 2518 transmissi
273 2461 384 2534 essent,
410 2458 485 2517 bene
508 2462 661 2517 noverant.
708 2458 832 2531 aceedit,
856 2458 935 2533 quod
957 2459 1093 2517 consulto

77 2547 224 2624 quosdam
256 2546 348 2606 libros
381 2566 397 2606 e
429 2566 541 2607 conexu
573 2549 737 2607 vetustiore
774 2548 914 2622 eximere,
946 2546 1093 2622 reliquam

75 2636 184 2697 seriem
206 2636 352 2696 intactam
374 2637 543 2713 relinquere
565 2656 626 2695 non
648 2636 762 2696 scribae
785 2639 831 2695 est
858 2634 912 2696 sed'
931 2638 1093 2711 scriptoris,

75 2745 137 2785 non
169 2725 307 2784 fortunae
339 2726 391 2785 sed
418 2726 549 2801 consilii,
576 2745 635 2785 non
663 2726 852 2803 ignorantiae
880 2725 931 2785 sed
957 2727 1093 2784 rationis.

75 2816 180 2891 itaque
213 2814 376 2874 scribarum
412 2816 576 2876 recentium
608 2815 710 2873 manui
743 2815 814 2874 ordo
848 2814 1002 2890 archetypi
1033 2833 1094 2872 non

74 2902 209 2965 debetur,

144 2995 187 3052 At
209 3012 246 3050 ne
270 2991 412 3052 Senecam
435 2994 557 3069 quidem
578 2995 676 3069 ipsum
704 2992 822 3052 libellos
844 2992 960 3051 Lucilio
988 2993 1094 3051 missos

76 3082 181 3142 statim
212 3081 394 3158 bibliopolae
427 3082 541 3143 dedisse
572 3082 741 3158 putaverim
769 3073 867 3161 (Stud.
891 3081 906 3139 l
932 3083 995 3140 130
1005 3073 1093 3160 squ).

76 3173 191 3247 priores
215 3173 295 3230 enim
318 3171 390 3230 dum
413 3171 516 3231 scribit
535 3172 569 3230 de
589 3171 649 3230 cito
668 3173 711 3230 eis
729 3172 761 3230 in
779 3172 875 3230 lucem
894 3170 1015 3229 edendis
1033 3190 1094 3229 non

77 3261 224 3337 cogitasse
252 3261 327 3319 mihi
350 3261 477 3335 videtur,
500 3261 642 3336 quoniam
668 3261 825 3318 lacessitus
849 3259 886 3318 ab
913 3262 1094 3335 imperatore

76 3352 138 3408 iam
156 3350 267 3409 infesto
291 3351 404 3408 malum
422 3350 609 3408 stomachum
627 3368 722 3425 neque
742 3348 859 3408 celabat
882 3368 977 3424 neque
997 3348 1093 3407 celare

77 3438 254 3497 conabatur:
277 3440 310 3496 in
332 3438 429 3498 tribus
448 3438 566 3497 demum
584 3439 693 3498 ultimo
716 3439 782 3497 loco
802 3437 923 3514 scriptis
938 3436 989 3493 Vl
1001 3435 1104 3491 Vm

77 3529 267 3587 summissum
286 3546 317 3587 se
329 3527 444 3589 Neroni
460 3525 585 3590 Caesari
603 3527 786 3590 ostentabat
800 3521 945 3611 titum
951 3509 1134 3587 suaseon-
