2408 3832
104 151 148 215 90
425 151 454 205 L.
474 151 617 204 ANNAEI
636 150 799 204 SENECAE

106 299 253 363 cessitate
284 291 380 380 quam
410 320 450 361 ex
472 297 591 362 virtute
620 297 814 381 confligitur,
844 301 900 362 aut
923 300 1007 361 certe
1031 298 1122 380 paria

68 390 261 452 tenuantur
284 388 409 450 animus
433 408 568 472 magnus
592 408 629 451 ae
653 387 804 469 perditus.
850 387 1028 471 cogitemus
1051 407 1122 468 nos,

104 480 258 559 quantum
283 476 323 540 ad
350 480 501 558 mortem,
531 475 673 558 perditos
698 498 779 540 esse:
810 479 842 540 et
864 476 887 557 †
911 498 1028 539 sumus.
1076 476 1123 538 ita

103 568 160 645 est,
178 563 297 629 Lucili:
322 587 431 629 omnes
450 587 650 629 reservamur
669 564 708 627 ad
727 569 877 648 mortem3
900 568 1006 628 totum
1026 565 1122 647 hunc,

103 675 198 736 quem
230 654 318 718 vides
351 656 524 737 populum,
559 657 664 717 tetum
698 676 794 736 quem
826 676 963 737 usquam
996 655 1121 738 cogitas
1152 679 1163 718 s

103 764 180 825 esse,
204 743 268 806 cito
293 747 407 806 natura
428 743 593 807 revocabit
613 747 648 819 et
672 742 796 826 condet,
819 764 878 807 uec
898 743 936 807 de
954 765 988 807 re
1008 742 1063 805 sed
1083 742 1122 806 de

68 849 82 895 7
103 831 153 896 die
172 833 348 914 quaeritur:
368 832 479 896 eodem
495 833 588 896 citius
608 832 730 895 tardius
745 832 937 896 veniendum
957 835 1012 895 est.
1043 832 1122 914 quid

103 920 201 1005 ergo?
245 943 312 984 nou
341 922 402 984 tibi
432 921 656 984 timidissimus
688 922 832 984 omnium
855 921 983 985 videtur
1013 924 1045 985 et
1075 922 1122 984 in·

103 1010 360 1092 sipientissimus,
377 1011 434 1092 qui
453 1031 569 1094 magno
589 1011 713 1073 ambitu
732 1013 825 1094 rogat
843 1032 967 1073 moram
985 1010 1122 1073 mortis?

101 1119 207 1162 nonne
228 1103 445 1162 contemneres
465 1122 547 1181 eum,
571 1099 627 1181 qui
645 1099 729 1163 iuter
746 1101 906 1182 perituros
926 1099 1121 1162 constitutus
1137 1125 1165 1164 ιο

101 1188 248 1251 beneficii
278 1188 351 1251 loco
374 1192 505 1271 peteret,
535 1191 573 1250 ut
595 1183 737 1251 ultimus
753 1189 908 1252 cervicem
932 1188 1122 1271 praeberet?

66 1276 186 1340 sidem
219 1277 369 1340 facimus:
401 1298 518 1361 magno
552 1277 756 1340 aestimamus
790 1279 872 1340 mori
905 1277 1034 1340 tardius.
1087 1278 1123 1339 in

102 1386 212 1428 omues
237 1366 448 1429 constitutum
480 1369 527 1430 est
555 1367 692 1448 capitale
715 1366 911 1448 supplicium
935 1369 967 1430 et
991 1365 1121 1448 quidem

102 1455 332 1518 constitutione
362 1455 539 1518 iustissima
569 1453 686 1538 [uem],
717 1455 804 1536 quod
833 1456 1009 1518 maximum
1039 1456 1122 1518 solet

102 1565 170 1607 esse
195 1544 349 1607 solacium
374 1548 515 1608 extreme
540 1545 690 1626 passuris.
738 1565 875 1626 quorum
906 1544 991 1608 euim
1016 1565 1121 1627 eausa,
1137 1569 1162 1608 15

102 1653 170 1695 sors
191 1632 300 1696 eadem
320 1636 381 1716 est3
406 1633 434 1695 si
452 1634 638 1697 duceremur
656 1632 766 1696 traditi
785 1656 804 1696 a
822 1632 927 1696 iudice
947 1636 1002 1696 aut
1021 1634 1121 1718 magi·

103 1724 214 1802 stratu,
230 1721 289 1805 [et]
300 1721 442 1785 carnifici
456 1725 566 1785 nostro
578 1725 812 1804 praestaremus
823 1723 1027 1804 obsequium:
1043 1721 1122 1804 quid

67 1811 244 1892 sinterest
267 1814 376 1873 utrum
401 1810 440 1873 ad
463 1813 600 1874 mortem
624 1811 704 1874 iussi
727 1833 835 1874 eamus
860 1830 901 1873 an
923 1810 1013 1873 uati?
1050 1832 1069 1873 o
1090 1814 1121 1874 te

103 1898 281 1963 dementem
305 1904 337 1963 et
356 1900 494 1962 oblitum
518 1900 702 1984 fragilitatis
726 1904 809 1980 tuae,
833 1901 860 1962 si
883 1904 961 1963 tunc
983 1904 1121 1964 mortem

101 1989 205 2070 timec,
236 2010 308 2051 cum
339 1990 443 2052 tonat!
490 1988 597 2051 itane?
627 1989 660 2052 iu
690 1988 753 2052 hoc
777 1989 862 2051 salus
886 1992 942 2051 tua
964 1989 1122 2052 vertitur?
1136 2015 1163 2053 so

100 2077 198 2159 rives,
217 2078 245 2140 si
263 2077 387 2141 tulmen
406 2076 577 2161 effugeris?
608 2081 698 2161 petet
716 2081 748 2141 te
767 2078 902 2162 gladius,
921 2080 1010 2160 petet
1027 2078 1121 2160 lapis,

100 2169 189 2248 petet
211 2166 301 2229 bilis:
323 2188 389 2229 nou
412 2167 589 2229 maximum
608 2189 648 2230 ex
665 2167 818 2249 periculis
838 2168 903 2229 tuis
924 2166 979 2230 sed
998 2167 1121 2249 specio-

172 2453 186 2499 1
205 2447 366 2517 confligitur
383 2447 495 2518 Haupt]
516 2448 678 2517 corrigitur,
697 2449 871 2502 concurritur
891 2449 1023 2519 Mudua'y,
1043 2447 1122 2500 colli·

102 2518 178 2572 ditur
197 2521 291 2574 Rossb.
314 2522 317 2588 1
339 2521 401 2589 aut]
427 2519 535 2572 maiora
559 2522 651 2574 autA
680 2521 688 2587 11
716 2526 733 2572 2
757 2523 894 2574 conantur
914 2519 1050 2589 ΦΚνοΙί]
1076 2535 1121 2572 co-

100 2590 326 2644 naturarum
353 2592 362 2659 11
390 2595 520 2643 usumus
538 2607 573 2644 se.
589 2592 705 2662 perdita]
729 2593 811 2645 trumo
834 2607 975 2644 sumemus
994 2589 1121 2643 animum

100 2661 287 2728 dobMdller,
314 2661 414 2715 timere
441 2661 576 2715 desiimus
602 2664 649 2717 Ge.
679 2663 795 2716 vicimus
815 2664 872 2717 Leo
899 2664 908 2730 11
936 2668 951 2714 t
976 2661 1056 2715 uides
1077 2663 1120 2732 Φ]

100 2732 229 2785 uidemus
249 2735 299 2785 Ar
328 2736 331 2802 1
362 2733 465 2804 totum]
485 2750 536 2787 om.
556 2733 616 2786 ΔΡ
642 2737 645 2802 1
671 2750 754 2801 quem
771 2735 911 2858 usquemAE¹
930 2749 1014 2801 quem
1032 2750 1121 2801 usque

101 2803 172 2871 Ε1111
182 2802 256 2872 ,9)οΤ
284 2820 460 2873 quousquam
478 2810 501 2857 Δ
529 2820 675 2874 quousque
694 2809 718 2858 Δ
751 2807 759 2874 11
791 2807 863 2860 θᾱθ
904 2804 940 2875 e]
968 2805 1015 2858 die
1034 2805 1095 2857 W
1113 2806 1121 2872 11

101 2879 116 2926 t
137 2874 247 2945 eodem]
266 2875 343 2943 quod
361 2877 382 2929 λ
403 2878 407 2944 1
433 2875 528 2947 citius]
548 2875 711 2929 citiusueA
738 2879 742 2945 1
766 2877 886 2946 tardius]
906 2875 1052 2930 tardiusue
1071 2878 1122 2928 M

100 2946 306 3012 tardiusque!
334 2949 343 3015 11
370 2949 435 3000 ees
460 2946 542 3015 insip.
569 2948 626 3000 uid.
652 2948 711 3002 coll.
731 2949 805 3002 dE'r
833 2951 841 3017 11
868 2954 896 3000 11
919 2948 962 3017 ut]
991 2964 1042 3002 om.
1063 2949 1096 2999 Φ
1117 2952 1119 3011 1

99 3017 260 3087 praeberet]
274 3034 324 3071 om.
337 3019 370 3070 Φ
392 3017 527 3087 praebere
546 3024 610 3072 aute
628 3034 701 3071 eeru.
716 3025 736 3070 ¹1·
760 3020 910 3072 extendere
929 3025 992 3072 orde
1011 3024 1121 3071 cerua

100 3105 173 3141 anau.
188 3104 239 3142 rec.
259 3090 318 3157 1113
337 3088 425 3160 idem]
444 3089 513 3142 idA
532 3091 541 3158 11
560 3095 591 3142 14
610 3089 777 3160 iustissima]
796 3089 963 3160 dignissima
982 3092 1006 3142 A
1029 3092 1032 3157 1
1053 3104 1119 3141 num

100 3159 150 3212 del.
171 3158 250 3214 Fert.
269 3161 371 3213 natura
390 3161 485 3216 Rossb.
511 3162 520 3229 11
545 3166 576 3213 lt
596 3160 682 3231 euim]
709 3160 808 3231 eadem
829 3162 938 3216 Grouoe
963 3163 972 3229 11
998 3166 1029 3213 16
1049 3162 1120 3230 sors]

101 3232 131 3284 et
149 3246 208 3284 sors
227 3230 351 3300 EM’Tt
377 3231 402 3284 si
420 3231 482 3286 duc.
503 3231 692 3302 Badstdbaer]
721 3247 900 3298 sequeremur
919 3233 990 3285 trad.
1020 3230 1044 3284 si
1062 3248 1119 3298 seq.

100 3306 147 3354 H
166 3303 174 3371 11
193 3307 222 3354 17
244 3302 283 3374 et]
303 3309 391 3357 orm
410 3303 531 3357 etiamr
549 3305 558 3371 11
576 3308 607 3355 18
626 3303 732 3374 utrum]
747 3319 797 3357 our.
813 3306 864 3357 AB
887 3306 890 3371 1
911 3301 984 3373 nati]
998 3302 1121 3356 ultronei

100 3375 125 3426 Δ
144 3373 154 3441 1
171 3377 207 3425 80
221 3372 299 3427 iteue
313 3374 347 3444 d]
366 3373 472 3427 itemne
485 3376 526 3429 uel
544 3374 713 3428 iterumnee
735 3373 778 3427 ita
792 3378 835 3429 est
850 3377 883 3428 Φ
903 3377 906 3443 1
928 3372 1004 3427 salus
1022 3376 1072 3428 tua
1091 3374 1120 3426 in

86 3442 153 3579 ehpc
171 3445 274 3567 equs
301 3447 310 3513 11
335 3450 366 3497 21
384 3447 464 3514 petet
481 3446 522 3517 te]
548 3447 658 3514 repetet
675 3447 704 3499 te
725 3447 757 3500 Φ
779 3447 788 3514 11
811 3451 846 3499 22
865 3445 943 3516 bilis]
963 3443 1049 3498 febris
1069 3448 1093 3497 Δ
1115 3448 1118 3514 1

103 3528 125 3560 ι
156 3528 189 3564 es
218 3540 220 3544 ·
