2408 3832
470 163 674 219 PRAEFATIO
1006 165 1081 219 XLV

125 316 203 376 Prae
218 319 323 376 ceteris
338 316 373 375 de
387 316 620 392 interpretandis
635 315 864 386 Quaestiouibus
874 316 973 389 Kbler,
987 316 1080 389 Diels,

60 407 181 466 Johanu
201 405 311 464 Miiller
328 408 428 464 meriti
446 408 523 465 sunt.
558 406 649 465 verba
668 409 809 481 corrupta
827 424 942 464 summo
965 406 1080 483 ingenii

61 498 200 555 acumine
215 495 447 554 emendaverunt
459 495 591 573 Madvig,
606 493 702 570 Gertz,
719 495 878 570 Schultess,
897 495 958 569 alii,
976 513 1079 570 quam·

60 583 1079 662 quamnonrarohisdebilifundamentousisaedificiumiamcorruit.

130 673 196 750 Ego
216 674 411 749 archetypum
431 676 577 748 quantum
595 691 713 749 possem
726 675 883 732 restituere
902 692 1001 731 meum
1017 691 1080 732 esse

60 763 135 821 duxi
164 764 195 820 et
221 763 277 820 hac
306 761 341 819 de
369 781 458 821 causa
486 780 587 820 omnes
611 765 794 821 coniecturas
822 762 907 821 bonis
931 761 1080 822 codicibus

59 853 170 911 invitis
189 869 207 909 a
230 870 277 910 me
295 854 430 927 receptas
453 852 562 910 litteris
582 851 710 927 obliquis
730 853 777 910 vel
796 852 935 911 cancellis
954 853 1079 929 signavi.

60 944 95 1000 in
118 940 207 999 rebus
231 941 468 1016 orthographicis
491 940 625 1000 codicum
653 941 874 1015 scribarumque
899 941 991 998 medii
1015 940 1081 998 aevi

61 1029 293 1090 consuetudines
317 1030 400 1104 sequi
424 1048 483 1087 non
506 1030 605 1105 potui,
628 1031 711 1089 velut
733 1027 881 1088 aristotili
903 1048 991 1088 suum
1014 1029 1080 1087 red·

61 1119 129 1179 didi
152 1136 259 1176 nomen
287 1120 317 1176 et
344 1137 363 1176 a
385 1118 482 1177 Leone
511 1121 609 1178 iussus
632 1136 717 1177 amor
739 1121 858 1195 scripsi,
882 1137 939 1177 non
952 1120 1080 1192 -tiimor3

61 1207 188 1266 minima
216 1199 316 1286 (velut
342 1209 449 1281 iiiiaia,
472 1201 570 1288 illota)
609 1228 701 1282 eaque
738 1208 769 1265 in
797 1207 901 1266 iisdem
931 1207 1080 1266 codicibus

62 1316 153 1372 saepe
167 1296 314 1355 rationem
330 1297 477 1373 fugientia
491 1315 528 1354 ne
543 1297 684 1356 adnotavi
699 1297 829 1372 quidem.
858 1297 950 1355 verba
966 1295 1080 1356 Graeca

64 1385 187 1446 Graecis
210 1386 321 1443 litteris
345 1385 464 1443 exhibui
488 1378 538 1466 (cf.
553 1390 710 1445 ventorum
729 1386 849 1444 nomina
867 1387 998 1444 Videt
1018 1377 1081 1466 17).

128 1474 228 1533 Verba
256 1474 383 1533 aliorum
410 1477 565 1533 auctorum
593 1495 611 1534 a
643 1475 754 1534 Seneca
785 1475 887 1533 adlata
915 1494 950 1533 ex
978 1493 1080 1533 eorum

61 1565 151 1623 libris
178 1581 325 1638 nusquam
358 1564 418 1622 iere
446 1565 571 1637 correxi,
600 1565 672 1640 quia
703 1566 767 1639 ipse
795 1565 906 1623 Seneca
934 1583 1036 1623 versus
1066 1583 1082 1622 e

63 1652 211 1712 memoria
235 1654 377 1711 excitasse
400 1653 519 1711 videtur
541 1646 592 1732 (cf.
617 1652 700 1711 Stud.
714 1653 731 1711 I
746 1647 811 1734 92).
859 1654 931 1728 quin
954 1656 1008 1728 est,
1030 1652 1083 1710 ubi

65 1743 180 1802 Seneca
208 1742 360 1799 meliorem
387 1744 502 1799 textum
526 1742 670 1817 praebeat
693 1743 787 1801 veluti
809 1742 836 1798 V
854 1745 936 1815 16‚1
962 1744 1083 1801 triones:

62 1829 343 1906 Metamorphoseon
364 1832 442 1888 enim
460 1830 563 1889 libriI
583 1833 624 1889 64
644 1834 765 1890 irionem
782 1831 903 1905 habent,
921 1831 1080 1890 Diomedes

64 1939 137 1980 vero
170 1922 277 1978 triones
304 1919 399 1977 tradit
425 1919 562 1994 idemque
590 1920 739 1979 Planudes
766 1922 850 1998 legit,
878 1924 930 1996 qui
956 1917 1083 1998 ἄρκτους

64 2010 159 2068 vertit
187 1999 239 2088 (H.
258 2008 378 2176 aquila,
407 2008 443 2066 de
468 2009 538 2067 Met.
562 2007 664 2068 Ovidii
691 2010 753 2069 cod.
777 2009 941 2084 Planudeo,
970 2007 1082 2086 Gryph.

135 2185 203 2245 Una
225 2206 258 2245 re
280 2189 408 2245 maxime
431 2205 533 2264 angor,
561 2206 636 2263 quae
660 2191 784 2247 certiore
808 2207 898 2264 passu
922 2187 1083 2262 aliquando

64 2275 209 2353 progredi
230 2294 284 2334 nos
307 2274 429 2350 iubebit,
452 2276 688 2336 observationem
708 2278 773 2337 dico
794 2277 1004 2337 clausularum.
1036 2277 1083 2335 his

65 2369 188 2426 strenue
212 2364 376 2423 observatis
399 2365 569 2442 regulisque
594 2368 667 2426 artis
690 2368 813 2425 statutis
835 2367 931 2425 multa
955 2365 1084 2424 Skutsch

64 2449 231 2530 temptavit
253 2444 328 2532 (non
349 2472 449 2513 omues
469 2454 652 2514 coniecturas
671 2474 773 2514 eanum
792 2474 884 2514 causa
902 2454 939 2514 ab
959 2474 993 2513 eo
1017 2473 1083 2530 pro·

64 2545 146 2603 latas
179 2535 293 2622 attuli),
325 2562 421 2617 neque
453 2562 522 2602 vero
552 2544 627 2601 mihi
658 2562 778 2619 prorsus
810 2542 966 2620 persuasit.
1018 2544 1085 2601 sine

65 2631 159 2691 dubio
184 2632 295 2690 Seneca
317 2631 371 2689 illa
392 2631 518 2691 artificia
541 2651 600 2692 non
624 2633 745 2709 sprevit,
768 2637 870 2692 tamen
896 2635 975 2692 ratio
998 2631 1084 2690 fines·

66 2741 125 2797 que
154 2721 376 2780 consuetudinis
398 2721 579 2781 Annaeanae
607 2722 705 2781 adhuc
732 2723 856 2782 obscura
884 2724 966 2796 sunt3
989 2740 1085 2798 neque

64 2812 164 2888 igitur
190 2811 222 2866 in
249 2812 334 2868 textu
361 2829 439 2868 nune
466 2813 595 2886 primum
622 2831 637 2868 e
661 2811 812 2870 codicibus
838 2812 950 2870 edendo
973 2811 1086 2869 rationi

65 2901 146 2959 forte
166 2899 298 2974 optimae
322 2899 373 2958 sed
396 2899 492 2958 adhuc
515 2900 646 2958 incertae
669 2903 703 2959 ut
725 2900 899 2959 inservirem
923 2901 960 2958 ab
985 2901 1084 2958 animo

65 2988 240 3064 impetravi,
259 2987 318 3046 nisi
336 2988 459 3047 offensio
478 2991 579 3066 gravis
594 2992 646 3048 aut
670 2990 748 3047 aliae
767 3008 876 3049 causae
896 2989 1084 3048 accedebant.

135 3077 300 3135 Brevitatis
319 3081 349 3134 et
362 3078 585 3153 perspicuitatis
605 3097 672 3136 cum
689 3097 804 3154 semper
818 3078 968 3137 studiosus
982 3096 1086 3151 essem,

65 3166 191 3226 inutiles
215 3165 401 3244 singulorum
428 3168 562 3224 codicum
590 3168 773 3243 corruptelas
797 3187 834 3226 ne
857 3168 1086 3226 commemoravi

66 3255 198 3331 quidem,
221 3254 362 3314 molestas
385 3258 485 3330 copias
509 3256 643 3314 codicum
665 3256 836 3335 vulgarium
857 3273 881 3333 q
907 3274 925 3314 a
947 3255 1086 3314 Fickerto

66 3346 225 3423 congestas
244 3343 419 3419 plerumque
441 3345 638 3419 praetermisi,
661 3345 755 3421 ipsius
774 3345 883 3404 codicis
902 3337 1086 3403 Ecarboni-

65 3433 123 3492 bus
151 3434 223 3492 ante
250 3451 297 3490 me
329 3452 383 3508 pro
412 3451 485 3491 auro
514 3433 642 3492 venditis
670 3452 729 3492 non
757 3434 846 3492 aliter
860 3451 963 3508 :quam
990 3433 1087 3507 philo*

66 3523 205 3600 logorum
225 3522 313 3580 huius
326 3522 440 3580 aetatis
457 3523 608 3582 mosculis
625 3541 699 3584 usus
716 3541 795 3584 sum.
826 3521 983 3580 nimirum
997 3519 1112 3575 eodem
