2408 3832
120 157 185 222 216
443 156 472 209 u.
493 155 635 209 annam
654 155 818 211 suasam

119 302 174 368 hic
197 302 351 386 quamdiu
373 323 440 366 non
463 300 643 385 impellitur
665 305 697 365 et
720 302 754 365 in
772 301 898 365 vacanti
922 303 1028 386 spatio
1051 300 1142 385 latet,

84 408 101 457 2
120 392 204 456 iacet
227 392 377 456 innoxius
396 411 455 454 nec
474 391 686 456 circumiectis
711 392 865 455 molestus
886 395 947 475 est3
969 391 1027 455 ubi
1046 392 1141 455 illum

120 481 317 545 extrinsecus
346 481 572 563 superveniens
601 500 696 544 eausa
726 480 880 544 sollicitat
910 479 1142 564 compellitque

120 573 152 633 et
174 569 209 632 in
232 573 337 633 artum
362 569 443 655 agit,
470 569 597 634 silicet
620 568 739 650 adhue,
767 569 852 634 cedit
875 572 1002 633 tantum
1030 574 1063 634 et
1086 592 1141 632 va-

120 661 227 744 gatur:
260 658 317 722 ubi
345 662 454 742 erepta
482 657 666 722 discedendi
691 658 829 722 facultas
857 661 907 721 est
936 662 969 722 et
998 659 1180 742 undiqucs

121 748 304 830 obsistitur,
331 751 409 812 tunc
439 747 567 832 ‘magno
592 768 664 811 cum
688 768 852 811 murmure
875 747 995 811 montis
1019 749 1142 812 circum

120 838 260 902 claustra
287 835 417 918 fremit’,
446 857 527 919 quae
551 835 606 900 diu
633 837 761 919 pulsata
789 837 941 900 convellit
968 857 1006 900 ac
1033 837 1143 920 iactat,

84 940 101 988 3
120 948 157 990 eo
177 927 289 1008 acrior,
310 947 464 1008 quocum
482 947 573 988 mora
586 925 762 990 valentiore
775 926 916 989 luctatus
931 929 987 989 est.
1025 925 1143 991 deinde

120 1036 194 1079 cum
214 1017 298 1079 circa
316 1014 523 1098 perlustravit
544 1036 646 1096 omne,
671 1036 734 1097 quo
754 1014 930 1099 tenebatur,
953 1035 1013 1078 nec
1031 1015 1143 1099 potuit

120 1104 260 1187 evadere,
284 1104 366 1186 inde,
390 1125 454 1186 quo
477 1105 616 1167 maxime
640 1104 798 1186 impactus
822 1107 879 1187 est,
901 1104 1006 1167 resilit
1029 1108 1061 1169 et
1084 1108 1141 1168 aut
1156 1129 1181 1170 11

119 1214 178 1277 per
207 1194 334 1257 occulta
362 1192 516 1256 dividitur
543 1194 614 1275 ipso
643 1198 745 1256 terrae
773 1198 864 1257 motu
891 1194 1022 1256 raritate
1045 1193 1142 1277 facte,

120 1286 176 1345 aut
203 1303 261 1365 per
287 1304 407 1346 novum
436 1283 552 1345 vulnus
581 1282 725 1345 emicuit:
758 1282 803 1344 ita
836 1282 903 1346 eius
936 1303 1002 1345 non
1031 1286 1143 1365 potest

121 1371 168 1433 vis
200 1373 290 1434 tanta
320 1369 463 1435 cohiberi
492 1391 551 1434 nec
581 1373 712 1434 ventum
742 1374 831 1434 tenet
858 1372 925 1434 ulla
957 1392 1141 1457 compages.

119 1459 217 1523 solvit
244 1459 329 1522 enim
359 1459 584 1543 quodcumque
610 1461 776 1525 vinculum
799 1462 832 1522 et
855 1481 935 1524 onus
959 1481 1054 1524 omne
1077 1462 1143 1525 fert

120 1568 228 1612 secum
246 1548 435 1630 infusasque
454 1549 661 1631 perminima
678 1549 896 1612 laxamentum
917 1549 977 1612 sibi
994 1553 1092 1634 parat
1110 1554 1143 1614 et
1156 1573 1182 1616 11

120 1636 277 1701 indomita
298 1640 431 1701 naturae
454 1637 600 1721 potentia
622 1638 738 1701 liberat
760 1658 804 1720 se,
832 1638 944 1722 utique
968 1658 1041 1702 cum
1066 1661 1142 1704 con-

83 1727 236 1791 ecitatus
265 1725 328 1790 sibi
355 1726 405 1788 ius
436 1748 529 1790 suum
556 1726 707 1791 vindieat.
755 1727 888 1810 spiritus
913 1749 989 1791 vero
1020 1728 1143 1793 invicta

117 1837 168 1878 res
193 1819 254 1878 est:
276 1814 360 1878 nihil
382 1816 443 1878 erit
467 1815 553 1898 quod

208 1939 366 2003 luctantes
390 1943 503 2003 ventos
526 1943 798 2022 tempestatesque
822 1962 953 2005 sonoras

208 2028 343 2111 imperio
366 2033 492 2112 premat
516 2048 553 2092 aa
575 2029 690 2092 vinclis
714 2034 746 2092 et
770 2052 894 2095 carcere
918 2030 1028 2093 frenet.
1157 2057 1185 2098 ae

83 2151 188 2217 tsine
212 2152 309 2217 dubio
333 2156 447 2236 poetae
474 2153 561 2217 hune
583 2152 755 2217 voluerunt
782 2153 884 2218 videri
907 2175 1081 2238 carcerem,
1107 2157 1143 2219 in

119 2263 183 2324 quo
217 2241 276 2305 sub
309 2245 394 2305 terra
426 2242 527 2307 clausi
562 2242 715 2325 laterent,
753 2243 807 2306 sed
844 2242 907 2309 hoo
943 2264 1010 2307 non
1046 2244 1143 2310 intel·

117 2329 274 2412 lexerunt,
295 2351 356 2395 nec
375 2331 416 2414 id,
440 2331 527 2413 quod
546 2333 690 2395 clausum
714 2334 772 2414 est,
795 2354 863 2396 esse
883 2332 988 2396 adhuc
1005 2337 1143 2398 ventum

194 2474 210 2522 6
235 2470 311 2539 Vera.
330 2470 399 2524 Aen.
420 2472 492 2525 155
501 2487 538 2538 aq.
571 2471 606 2537 cf.
627 2472 732 2525 Aetnae
750 2489 774 2525 a.
795 2476 847 2525 301
868 2479 892 2525 et
917 2489 1049 2542 maenam
1069 2490 1141 2528 cone-

117 2549 274 2595 ntnamarat
292 2542 384 2596 Aetna
406 2542 417 2610 ΙΙ
437 2541 481 2613 819
495 2543 529 2608 cf.
548 2542 655 2596 Aetnae
673 2560 697 2596 e.
712 2546 832 2610 380eqq.
854 2545 864 2613 11
887 2548 911 2596 9.
931 2548 961 2595 12
981 2544 1016 2609 cf.
1032 2544 1143 2601 Aetnae

118 2628 143 2666 a.
156 2616 210 2666 165
225 2613 297 2680 qnod
311 2619 401 2667 teneat
417 2620 510 2668 ventae
527 2616 537 2683 ΙΙ
555 2618 654 2666 14-16
668 2614 703 2680 cf.
715 2614 820 2667 Aetnae
833 2631 857 2667 e.
869 2618 968 2682 148sq.
983 2631 1088 2671 necesse
1102 2623 1143 2672 ea

117 2683 211 2737 vincla
224 2684 313 2752 napis
326 2685 442 2751 soleant,
456 2687 544 2756 napis
557 2687 606 2739 hoc
621 2686 652 2752 (l.
663 2685 738 2752 hnic)
754 2685 891 2739 obstantia
901 2686 1016 2754 pellant.
1045 2703 1070 2741 e.
1084 2691 1141 2744 381

114 2754 224 2824 pellant
242 2756 382 2824 appositas
400 2756 481 2810 malea
499 2773 532 2811 ac
549 2756 662 2811 vincalo
679 2763 819 2824 rampant.
839 2758 847 2826 ΙΙ
866 2762 904 2810 11.
924 2763 959 2809 20
977 2759 1012 2824 ef.
1032 2758 1142 2814 Aetnae

117 2842 142 2880 a.
156 2829 214 2880 217
231 2827 347 2895 spiritns
364 2828 482 2896 imperat
495 2829 504 2896 ΙΙ
517 2833 548 2880 19
571 2827 648 2897 Vera.
669 2827 738 2881 Aen.
758 2828 778 2879 1
794 2832 876 2895 5311.
896 2831 905 2896 tt
924 2834 959 2881 22
978 2830 1012 2895 of.
1032 2830 1142 2886 Aetnae

117 2912 142 2950 a.
157 2900 214 2950 318
231 2898 310 2964 infra
331 2898 458 2966 elatique.

190 3025 206 3074 3
232 3037 342 3090 superu.
364 3024 431 3076 extr.
452 3023 510 3077 coll.
530 3024 554 3076 ct
578 3023 587 3093 Η
613 3027 631 3074 4
655 3025 791 3076 1110111111
817 3026 820 3081 Ι
846 3024 919 3148 agii]
947 3024 1026 3078 ducit
1044 3026 1068 3079 δ
1089 3027 1093 3094 l
1115 3025 1141 3079 si

118 3089 188 3145 lieet
205 3093 244 3163 θ]
270 3093 317 3147 uel
337 3110 357 3145 s.
376 3092 395 3147 l.
415 3093 446 3146 J'
471 3093 580 3148 scilicet
598 3094 673 3165 δλρ
701 3095 704 3162 Ι
732 3096 844 3148 tantum
864 3111 895 3149 ce
916 3096 940 3149 it
967 3096 1141 3169 1011110211

118 3168 134 3216 't
154 3161 261 3234 fremit]
281 3163 405 3217 fremunt
423 3166 527 3236 EVcry.
547 3167 556 3234 11
575 3170 590 3217 e
611 3165 686 3235 cum]
706 3167 749 3218 est
768 3166 791 3219 δ
807 3168 811 3235 Ι
832 3168 887 3237 est]
906 3184 956 3221 om.
972 3168 996 3220 δ
1013 3168 1022 3236 ΙΙ
1040 3172 1069 3219 11
1087 3183 1142 3237 per

119 3234 189 3304 oce]
208 3234 310 3303 pocula
330 3239 469 3304 (separer.
489 3236 616 3304 pondera
635 3237 729 3303 credo)
743 3236 779 3288 Δ1
792 3242 897 3291 11111110
916 3239 924 3306 ΙΙ
943 3243 973 3290 13
992 3240 1075 3292 tante
1093 3240 1141 3293 uis

118 3306 177 3360 coll.
198 3307 221 3360 δ
241 3308 251 3375 ΙΙ
273 3312 304 3359 14
323 3307 530 3379 quodcumque]
557 3323 638 3361 omne
657 3309 680 3360 δ
706 3309 715 3376 i
739 3313 769 3359 15
790 3307 845 3360 sibi
867 3311 951 3378 perat
968 3311 1129 3366 Pincianae

119 3378 234 3446 superat
261 3379 270 3447 tt
297 3384 328 3431 16
352 3394 382 3432 se
401 3379 505 3449 Haase]
539 3381 582 3432 est
608 3379 618 3449 ll
645 3383 675 3431 1'1
699 3377 790 3460 uina]
820 3379 954 3434 uendicet
977 3379 1112 3452 AGEJ’Q

112 3449 197 3520 aero]
213 3466 264 3505 am.
281 3451 312 3518 δ,
332 3466 399 3505 uere
413 3450 547 3506 Schultess
564 3452 573 3520 ΙΙ
591 3455 627 3503 20
646 3449 743 3520 uinci]
761 3449 884 3505 maculis
902 3453 978 3504 1111
992 3454 1001 3521 ΙΙ
1013 3457 1050 3505 22
1068 3469 1128 3506 non

98 3533 152 3574 om.
174 3526 227 3573 M·
246 3523 263 3594 a
282 3527 320 3577 22
341 3530 368 3580 et
383 3527 475 3594 217,1
494 3522 588 3578 adhuc
607 3527 632 3577 et
648 3520 722 3593 iamt
738 3523 825 3575 1111111
