<?xml version="1.0" encoding="UTF-8"?>
<!DOCTYPE html PUBLIC "-//W3C//DTD XHTML 1.0 Transitional//EN"
    "http://www.w3.org/TR/xhtml1/DTD/xhtml1-transitional.dtd">
<html xmlns="http://www.w3.org/1999/xhtml" xml:lang="en" lang="en">
 <head>
  <title>
</title>
<meta http-equiv="Content-Type" content="text/html;charset=utf-8" />
  <meta name='ocr-system' content='tesseract 3.04.00' />
  <meta name='ocr-capabilities' content='ocr_page ocr_carea ocr_par ocr_line ocrx_word'/>
</head>
<body>
  <div class='ocr_page' id='page_1' title='image "./lannaeisenecaeo04senegoog_0043.png"; bbox 0 0 2408 3832; ppageno 0'>
   <div class='ocr_carea' id='block_1_1' title="bbox 475 150 1092 207">
    <p class='ocr_par' dir='ltr' id='par_1_1' title="bbox 475 150 1092 207">
     <span class='ocr_line' id='line_1_1' title="bbox 475 150 1092 207; baseline 0.005 -3"><span class='ocrx_word' id='word_1_1' title='bbox 475 150 681 205; x_wconf 76' lang='lat' dir='ltr'><strong>PRAEFATIO</strong></span> <span class='ocrx_word' id='word_1_2' title='bbox 976 151 1092 207; x_wconf 84' lang='lat' dir='ltr'>XXXIX</span> 
     </span>
    </p>
   </div>
   <div class='ocr_carea' id='block_1_2' title="bbox 75 301 1091 556">
    <p class='ocr_par' dir='ltr' id='par_1_2' title="bbox 75 301 1091 556">
     <span class='ocr_line' id='line_1_2' title="bbox 145 301 1091 377; baseline 0.001 -16"><span class='ocrx_word' id='word_1_3' title='bbox 145 302 334 362; x_wconf 82' lang='lat' dir='ltr'>Florentinue</span> <span class='ocrx_word' id='word_1_4' title='bbox 352 302 573 362; x_wconf 80' lang='lat' dir='ltr'>Laurentianus</span> <span class='ocrx_word' id='word_1_5' title='bbox 593 303 644 377; x_wconf 86' lang='lat'>82,</span> <span class='ocrx_word' id='word_1_6' title='bbox 660 304 701 362; x_wconf 94' lang='grc'>20</span> <span class='ocrx_word' id='word_1_7' title='bbox 720 303 813 361; x_wconf 88' lang='lat' dir='ltr'>chart.</span> <span class='ocrx_word' id='word_1_8' title='bbox 831 320 887 361; x_wconf 89' lang='lat' dir='ltr'>reo.</span> <span class='ocrx_word' id='word_1_9' title='bbox 912 301 1091 362; x_wconf 84' lang='lat' dir='ltr'>Stud.112.</span> 
     </span>
     <span class='ocr_line' id='line_1_3' title="bbox 82 382 1091 472; baseline 0.001 -22"><span class='ocrx_word' id='word_1_10' title='bbox 82 438 84 443; x_wconf 91' lang='lat'>.</span> <span class='ocrx_word' id='word_1_11' title='bbox 144 391 299 450; x_wconf 84' lang='lat' dir='ltr'>Accedunt</span> <span class='ocrx_word' id='word_1_12' title='bbox 320 391 390 449; x_wconf 88' lang='lat' dir='ltr'>libri</span> <span class='ocrx_word' id='word_1_13' title='bbox 413 391 551 469; x_wconf 81' lang='lat' dir='ltr'>vulgares</span> <span class='ocrx_word' id='word_1_14' title='bbox 574 393 607 449; x_wconf 93' lang='lat' dir='ltr'>in</span> <span class='ocrx_word' id='word_1_15' title='bbox 629 393 714 467; x_wconf 91' lang='lat' dir='ltr'>parte</span> <span class='ocrx_word' id='word_1_16' title='bbox 737 390 836 466; x_wconf 89' lang='lat' dir='ltr'>priore</span> <span class='ocrx_word' id='word_1_17' title='bbox 855 382 976 471; x_wconf 91' lang='grc' dir='ltr'>(Ι-ΠΙ</span> <span class='ocrx_word' id='word_1_18' title='bbox 990 393 1042 467; x_wconf 82' lang='grc'>25,</span> <span class='ocrx_word' id='word_1_19' title='bbox 1058 382 1091 472; x_wconf 75' lang='lat' dir='ltr'>b)</span> 
     </span>
     <span class='ocr_line' id='line_1_4' title="bbox 75 480 710 556; baseline -0.003 -16"><span class='ocrx_word' id='word_1_20' title='bbox 75 496 113 540; x_wconf 85' lang='lat' dir='ltr'>ex</span> <span class='ocrx_word' id='word_1_21' title='bbox 137 497 154 540; x_wconf 79' lang='lat' dir='ltr'>e</span> <span class='ocrx_word' id='word_1_22' title='bbox 177 480 331 555; x_wconf 72' lang='lat' dir='ltr'>descripti:</span> <span class='ocrx_word' id='word_1_23' title='bbox 355 481 391 540; x_wconf 88' lang='lat' dir='ltr'>cf.</span> <span class='ocrx_word' id='word_1_24' title='bbox 415 498 505 556; x_wconf 91' lang='lat' dir='ltr'>supra</span> <span class='ocrx_word' id='word_1_25' title='bbox 527 501 557 556; x_wconf 91' lang='lat' dir='ltr'>p.</span> <span class='ocrx_word' id='word_1_26' title='bbox 575 480 710 538; x_wconf 87' lang='lat' dir='ltr'>XXXVI.</span> 
     </span>
    </p>
   </div>
   <div class='ocr_carea' id='block_1_3' title="bbox 334 656 834 735">
    <p class='ocr_par' dir='ltr' id='par_1_3' title="bbox 334 656 834 735">
     <span class='ocr_line' id='line_1_5' title="bbox 334 656 834 735; baseline 0.002 -19"><span class='ocrx_word' id='word_1_27' title='bbox 334 661 363 716; x_wconf 87' lang='lat'>4.</span> <span class='ocrx_word' id='word_1_28' title='bbox 387 656 487 715; x_wconf 89' lang='lat' dir='ltr'>Libri</span> <span class='ocrx_word' id='word_1_29' title='bbox 510 657 664 734; x_wconf 82' lang='lat' dir='ltr'>originis</span> <span class='ocrx_word' id='word_1_30' title='bbox 686 660 834 735; x_wconf 82' lang='lat' dir='ltr'>ignotae</span> 
     </span>
    </p>
   </div>
   <div class='ocr_carea' id='block_1_4' title="bbox 77 781 1096 1396">
    <p class='ocr_par' dir='ltr' id='par_1_4' title="bbox 146 781 1095 843">
     <span class='ocr_line' id='line_1_6' title="bbox 146 781 1095 843; baseline 0 -1"><span class='ocrx_word' id='word_1_31' title='bbox 146 782 300 842; x_wconf 82' lang='lat' dir='ltr'>Parisinus</span> <span class='ocrx_word' id='word_1_32' title='bbox 319 781 389 841; x_wconf 92' lang='lat' dir='ltr'>bibl.</span> <span class='ocrx_word' id='word_1_33' title='bbox 409 781 569 841; x_wconf 86' lang='lat' dir='ltr'>nationalis</span> <span class='ocrx_word' id='word_1_34' title='bbox 591 785 630 840; x_wconf 81' lang='lat'>17</span> <span class='ocrx_word' id='word_1_35' title='bbox 643 783 706 842; x_wconf 85' lang='lat'>842</span> <span class='ocrx_word' id='word_1_36' title='bbox 727 801 802 842; x_wconf 88' lang='lat' dir='ltr'>saec.</span> <span class='ocrx_word' id='word_1_37' title='bbox 816 782 879 842; x_wconf 92' lang='lat' dir='ltr'>XV.</span> <span class='ocrx_word' id='word_1_38' title='bbox 903 781 1027 842; x_wconf 80' lang='lat' dir='ltr'>srudfl</span> <span class='ocrx_word' id='word_1_39' title='bbox 1042 786 1095 843; x_wconf 85' lang='lat'>42.</span> 
     </span>
    </p>

    <p class='ocr_par' dir='ltr' id='par_1_5' title="bbox 78 871 1094 1037">
     <span class='ocr_line' id='line_1_7' title="bbox 146 871 1094 948; baseline 0 -18"><span class='ocrx_word' id='word_1_40' title='bbox 146 871 296 946; x_wconf 85' lang='lat' dir='ltr'>Vaticani,</span> <span class='ocrx_word' id='word_1_41' title='bbox 329 872 381 946; x_wconf 89' lang='lat' dir='ltr'>qui</span> <span class='ocrx_word' id='word_1_42' title='bbox 413 871 484 930; x_wconf 93' lang='lat' dir='ltr'>olim</span> <span class='ocrx_word' id='word_1_43' title='bbox 518 871 680 930; x_wconf 79' lang='lat' dir='ltr'>Alexandri</span> <span class='ocrx_word' id='word_1_44' title='bbox 707 871 821 930; x_wconf 86' lang='lat' dir='ltr'>Patavii</span> <span class='ocrx_word' id='word_1_45' title='bbox 853 872 989 945; x_wconf 85' lang='lat' dir='ltr'>fuerunt,</span> <span class='ocrx_word' id='word_1_46' title='bbox 1021 873 1094 948; x_wconf 87' lang='grc'>905,</span> 
     </span>
     <span class='ocr_line' id='line_1_8' title="bbox 78 961 497 1037; baseline -0.007 -17"><span class='ocrx_word' id='word_1_47' title='bbox 78 962 182 1037; x_wconf 71' lang='grc'><strong>1138,</strong></span> <span class='ocrx_word' id='word_1_48' title='bbox 207 961 257 1033; x_wconf 84' lang='grc'>58,</span> <span class='ocrx_word' id='word_1_49' title='bbox 283 962 378 1035; x_wconf 89' lang='grc'><strong>1142,</strong></span> <span class='ocrx_word' id='word_1_50' title='bbox 404 961 497 1020; x_wconf 87' lang='grc'><strong>1338.</strong></span> 
     </span>
    </p>

    <p class='ocr_par' dir='ltr' id='par_1_6' title="bbox 148 1048 1041 1110">
     <span class='ocr_line' id='line_1_9' title="bbox 148 1048 1041 1110; baseline 0 -2"><span class='ocrx_word' id='word_1_51' title='bbox 148 1048 367 1108; x_wconf 73' lang='lat' dir='ltr'>Cameracensis</span> <span class='ocrx_word' id='word_1_52' title='bbox 392 1051 454 1108; x_wconf 88' lang='grc'>939</span> <span class='ocrx_word' id='word_1_53' title='bbox 479 1049 601 1107; x_wconf 86' lang='lat' dir='ltr'>membr.</span> <span class='ocrx_word' id='word_1_54' title='bbox 626 1070 650 1107; x_wconf 93' lang='grc'>2.</span> <span class='ocrx_word' id='word_1_55' title='bbox 678 1051 761 1110; x_wconf 84' lang='grc'><strong>1379</strong></span> <span class='ocrx_word' id='word_1_56' title='bbox 787 1068 841 1109; x_wconf 91' lang='lat' dir='ltr'>scr.</span> <span class='ocrx_word' id='word_1_57' title='bbox 862 1049 975 1109; x_wconf 74' lang='lat' dir='ltr'>studi</span> <span class='ocrx_word' id='word_1_58' title='bbox 992 1052 1041 1108; x_wconf 88' lang='lat'>22.</span> 
     </span>
    </p>

    <p class='ocr_par' dir='ltr' id='par_1_7' title="bbox 77 1138 1096 1288">
     <span class='ocr_line' id='line_1_10' title="bbox 147 1138 1096 1216; baseline -0.002 -19"><span class='ocrx_word' id='word_1_59' title='bbox 147 1138 301 1198; x_wconf 89' lang='lat' dir='ltr'>Parisinus</span> <span class='ocrx_word' id='word_1_60' title='bbox 324 1139 423 1216; x_wconf 85' lang='lat' dir='ltr'>regius</span> <span class='ocrx_word' id='word_1_61' title='bbox 448 1138 533 1197; x_wconf 83' lang='grc'><strong>6395</strong></span> <span class='ocrx_word' id='word_1_62' title='bbox 554 1139 675 1197; x_wconf 90' lang='lat' dir='ltr'>membr.</span> <span class='ocrx_word' id='word_1_63' title='bbox 699 1157 773 1197; x_wconf 87' lang='lat' dir='ltr'>saec.</span> <span class='ocrx_word' id='word_1_64' title='bbox 790 1138 859 1212; x_wconf 87' lang='lat' dir='ltr'>XV,</span> <span class='ocrx_word' id='word_1_65' title='bbox 883 1139 935 1214; x_wconf 92' lang='lat' dir='ltr'>qui</span> <span class='ocrx_word' id='word_1_66' title='bbox 958 1141 1096 1214; x_wconf 87' lang='lat' dir='ltr'>excerpta</span> 
     </span>
     <span class='ocr_line' id='line_1_11' title="bbox 77 1227 739 1288; baseline -0.003 0"><span class='ocrx_word' id='word_1_67' title='bbox 77 1231 199 1288; x_wconf 89' lang='lat' dir='ltr'>tantum</span> <span class='ocrx_word' id='word_1_68' title='bbox 223 1228 349 1288; x_wconf 83' lang='lat' dir='ltr'>Senecae</span> <span class='ocrx_word' id='word_1_69' title='bbox 372 1229 514 1286; x_wconf 87' lang='lat' dir='ltr'>continet.</span> <span class='ocrx_word' id='word_1_70' title='bbox 561 1227 644 1286; x_wconf 86' lang='lat' dir='ltr'>Stud.</span> <span class='ocrx_word' id='word_1_71' title='bbox 658 1228 673 1285; x_wconf 95' lang='grc' dir='ltr'>Ι</span> <span class='ocrx_word' id='word_1_72' title='bbox 688 1229 739 1286; x_wconf 90' lang='grc'>22.</span> 
     </span>
    </p>

    <p class='ocr_par' dir='ltr' id='par_1_8' title="bbox 147 1307 1096 1396">
     <span class='ocr_line' id='line_1_12' title="bbox 147 1307 1096 1396; baseline 0 -21"><span class='ocrx_word' id='word_1_73' title='bbox 147 1317 210 1375; x_wconf 86' lang='lat' dir='ltr'>Alii</span> <span class='ocrx_word' id='word_1_74' title='bbox 234 1316 348 1376; x_wconf 90' lang='lat' dir='ltr'>codices</span> <span class='ocrx_word' id='word_1_75' title='bbox 370 1319 402 1375; x_wconf 93' lang='lat' dir='ltr'>in</span> <span class='ocrx_word' id='word_1_76' title='bbox 426 1315 571 1394; x_wconf 80' lang='lat' dir='ltr'>catalogis</span> <span class='ocrx_word' id='word_1_77' title='bbox 597 1319 724 1376; x_wconf 88' lang='lat' dir='ltr'>vetustis</span> <span class='ocrx_word' id='word_1_78' title='bbox 752 1320 1021 1376; x_wconf 87' lang='lat' dir='ltr'>commemorantur</span> <span class='ocrx_word' id='word_1_79' title='bbox 1044 1307 1096 1396; x_wconf 84' lang='lat' dir='ltr'>(cf.</span> 
     </span>
    </p>
   </div>
   <div class='ocr_carea' id='block_1_5' title="bbox 78 1398 1097 1554">
    <p class='ocr_par' dir='ltr' id='par_1_9' title="bbox 78 1398 1097 1554">
     <span class='ocr_line' id='line_1_13' title="bbox 80 1398 1097 1487; baseline -0.003 -20"><span class='ocrx_word' id='word_1_80' title='bbox 80 1406 165 1467; x_wconf 76' lang='lat' dir='ltr'>scau</span> <span class='ocrx_word' id='word_1_81' title='bbox 181 1407 196 1463; x_wconf 94' lang='lat' dir='ltr'>I</span> <span class='ocrx_word' id='word_1_82' title='bbox 211 1398 356 1487; x_wconf 65' lang='lat'>81-90)</span> <span class='ocrx_word' id='word_1_83' title='bbox 376 1406 425 1465; x_wconf 78' lang='lat' dir='ltr'>vel</span> <span class='ocrx_word' id='word_1_84' title='bbox 444 1424 462 1463; x_wconf 98' lang='grc'>2</span> <span class='ocrx_word' id='word_1_85' title='bbox 480 1407 554 1464; x_wconf 86' lang='lat' dir='ltr'>viris</span> <span class='ocrx_word' id='word_1_86' title='bbox 574 1406 668 1465; x_wconf 88' lang='lat' dir='ltr'>doctis</span> <span class='ocrx_word' id='word_1_87' title='bbox 692 1409 761 1465; x_wconf 89' lang='lat' dir='ltr'>ante</span> <span class='ocrx_word' id='word_1_88' title='bbox 781 1405 952 1464; x_wconf 80' lang='lat' dir='ltr'>Fickertum</span> <span class='ocrx_word' id='word_1_89' title='bbox 971 1405 1097 1464; x_wconf 75' lang='lat' dir='ltr'>adhibiti</span> 
     </span>
     <span class='ocr_line' id='line_1_14' title="bbox 78 1495 410 1554; baseline -0.006 0"><span class='ocrx_word' id='word_1_90' title='bbox 78 1497 128 1554; x_wconf 90' lang='lat' dir='ltr'>hie</span> <span class='ocrx_word' id='word_1_91' title='bbox 152 1496 215 1554; x_wconf 90' lang='lat' dir='ltr'>illic</span> <span class='ocrx_word' id='word_1_92' title='bbox 238 1495 410 1554; x_wconf 86' lang='lat' dir='ltr'>afferuntur.</span> 
     </span>
    </p>
   </div>
   <div class='ocr_carea' id='block_1_6' title="bbox 329 1753 852 1822">
    <p class='ocr_par' dir='ltr' id='par_1_10' title="bbox 329 1753 852 1822">
     <span class='ocr_line' id='line_1_15' title="bbox 329 1753 852 1822; baseline 0.002 -1"><span class='ocrx_word' id='word_1_93' title='bbox 329 1755 383 1821; x_wconf 92' lang='lat' dir='ltr'>VI.</span> <span class='ocrx_word' id='word_1_94' title='bbox 414 1755 466 1821; x_wconf 76' lang='lat' dir='ltr'>De.</span> <span class='ocrx_word' id='word_1_95' title='bbox 484 1753 631 1821; x_wconf 90' lang='lat' dir='ltr'>codicum</span> <span class='ocrx_word' id='word_1_96' title='bbox 654 1755 852 1822; x_wconf 80' lang='lat' dir='ltr'>correcturis</span> 
     </span>
    </p>
   </div>
   <div class='ocr_carea' id='block_1_7' title="bbox 80 1903 1103 2962">
    <p class='ocr_par' dir='ltr' id='par_1_11' title="bbox 80 1903 1103 2962">
     <span class='ocr_line' id='line_1_16' title="bbox 150 1903 1098 1981; baseline -0.002 -18"><span class='ocrx_word' id='word_1_97' title='bbox 150 1903 291 1979; x_wconf 87' lang='lat' dir='ltr'>Plerique</span> <span class='ocrx_word' id='word_1_98' title='bbox 307 1903 434 1963; x_wconf 85' lang='lat' dir='ltr'>Senecae</span> <span class='ocrx_word' id='word_1_99' title='bbox 453 1903 568 1962; x_wconf 91' lang='lat' dir='ltr'>codices</span> <span class='ocrx_word' id='word_1_100' title='bbox 592 1922 651 1962; x_wconf 92' lang='lat' dir='ltr'>non</span> <span class='ocrx_word' id='word_1_101' title='bbox 670 1903 766 1962; x_wconf 89' lang='lat' dir='ltr'>solum</span> <span class='ocrx_word' id='word_1_102' title='bbox 785 1922 857 1962; x_wconf 86' lang='lat' dir='ltr'>suae</span> <span class='ocrx_word' id='word_1_103' title='bbox 876 1904 1009 1963; x_wconf 78' lang='lat' dir='ltr'>familiae</span> <span class='ocrx_word' id='word_1_104' title='bbox 1029 1923 1098 1981; x_wconf 86' lang='lat' dir='ltr'>gen-</span> 
     </span>
     <span class='ocr_line' id='line_1_17' title="bbox 81 1992 1099 2070; baseline 0 -18"><span class='ocrx_word' id='word_1_105' title='bbox 81 1996 182 2068; x_wconf 87' lang='lat' dir='ltr'>tisque</span> <span class='ocrx_word' id='word_1_106' title='bbox 202 1994 287 2070; x_wconf 84' lang='lat' dir='ltr'>signa</span> <span class='ocrx_word' id='word_1_107' title='bbox 305 2012 378 2068; x_wconf 90' lang='lat' dir='ltr'>prae</span> <span class='ocrx_word' id='word_1_108' title='bbox 397 1994 546 2051; x_wconf 86' lang='lat' dir='ltr'>scierunt</span> <span class='ocrx_word' id='word_1_109' title='bbox 565 1992 616 2051; x_wconf 91' lang='lat' dir='ltr'>sed</span> <span class='ocrx_word' id='word_1_110' title='bbox 635 1993 726 2051; x_wconf 89' lang='lat' dir='ltr'>etiam</span> <span class='ocrx_word' id='word_1_111' title='bbox 745 1992 872 2069; x_wconf 82' lang='lat' dir='ltr'>vestigia</span> <span class='ocrx_word' id='word_1_112' title='bbox 892 1993 984 2052; x_wconf 88' lang='lat' dir='ltr'>studii</span> <span class='ocrx_word' id='word_1_113' title='bbox 1002 1993 1099 2069; x_wconf 88' lang='lat' dir='ltr'>philo-</span> 
     </span>
     <span class='ocr_line' id='line_1_18' title="bbox 80 2081 1099 2160; baseline -0.001 -18"><span class='ocrx_word' id='word_1_114' title='bbox 80 2083 221 2160; x_wconf 85' lang='lat' dir='ltr'>logorum</span> <span class='ocrx_word' id='word_1_115' title='bbox 244 2084 275 2141; x_wconf 91' lang='lat' dir='ltr'>et</span> <span class='ocrx_word' id='word_1_116' title='bbox 297 2085 498 2140; x_wconf 87' lang='lat' dir='ltr'>correctorum</span> <span class='ocrx_word' id='word_1_117' title='bbox 525 2085 588 2140; x_wconf 92' lang='lat' dir='ltr'>tam</span> <span class='ocrx_word' id='word_1_118' title='bbox 615 2082 783 2157; x_wconf 86' lang='lat' dir='ltr'>manifesta,</span> <span class='ocrx_word' id='word_1_119' title='bbox 811 2086 846 2139; x_wconf 85' lang='lat' dir='ltr'>ut</span> <span class='ocrx_word' id='word_1_120' title='bbox 872 2083 945 2140; x_wconf 91' lang='lat' dir='ltr'>haec</span> <span class='ocrx_word' id='word_1_121' title='bbox 969 2081 1099 2141; x_wconf 85' lang='lat' dir='ltr'>affinitas</span> 
     </span>
     <span class='ocr_line' id='line_1_19' title="bbox 83 2170 1100 2248; baseline -0.002 -18"><span class='ocrx_word' id='word_1_122' title='bbox 83 2171 300 2248; x_wconf 83' lang='lat' dir='ltr'>exemplarium</span> <span class='ocrx_word' id='word_1_123' title='bbox 315 2190 409 2245; x_wconf 90' lang='lat' dir='ltr'>aeque</span> <span class='ocrx_word' id='word_1_124' title='bbox 428 2170 650 2229; x_wconf 88' lang='lat' dir='ltr'>emendatorum</span> <span class='ocrx_word' id='word_1_125' title='bbox 670 2189 880 2246; x_wconf 89' lang='lat' dir='ltr'>nonnusquam</span> <span class='ocrx_word' id='word_1_126' title='bbox 899 2171 995 2248; x_wconf 81' lang='lat' dir='ltr'>magis</span> <span class='ocrx_word' id='word_1_127' title='bbox 1011 2190 1100 2246; x_wconf 90' lang='lat' dir='ltr'>quarn</span> 
     </span>
     <span class='ocr_line' id='line_1_20' title="bbox 81 2259 1101 2338; baseline -0.001 -19"><span class='ocrx_word' id='word_1_128' title='bbox 81 2261 139 2320; x_wconf 92' lang='lat' dir='ltr'>illa</span> <span class='ocrx_word' id='word_1_129' title='bbox 157 2261 316 2338; x_wconf 82' lang='lat' dir='ltr'>gentilium</span> <span class='ocrx_word' id='word_1_130' title='bbox 334 2260 478 2334; x_wconf 90' lang='lat' dir='ltr'>primaria</span> <span class='ocrx_word' id='word_1_131' title='bbox 497 2259 550 2319; x_wconf 92' lang='lat' dir='ltr'>sed</span> <span class='ocrx_word' id='word_1_132' title='bbox 568 2260 674 2318; x_wconf 90' lang='lat' dir='ltr'>obruta</span> <span class='ocrx_word' id='word_1_133' title='bbox 694 2263 846 2336; x_wconf 88' lang='lat' dir='ltr'>appareat.</span> <span class='ocrx_word' id='word_1_134' title='bbox 881 2259 937 2318; x_wconf 91' lang='lat' dir='ltr'>bac</span> <span class='ocrx_word' id='word_1_135' title='bbox 956 2259 992 2318; x_wconf 92' lang='lat' dir='ltr'>de</span> <span class='ocrx_word' id='word_1_136' title='bbox 1011 2278 1101 2319; x_wconf 90' lang='lat' dir='ltr'>eausa</span> 
     </span>
     <span class='ocr_line' id='line_1_21' title="bbox 82 2341 1100 2426; baseline -0.001 -19"><span class='ocrx_word' id='word_1_137' title='bbox 82 2352 182 2426; x_wconf 89' lang='lat' dir='ltr'>primo</span> <span class='ocrx_word' id='word_1_138' title='bbox 207 2348 313 2409; x_wconf 91' lang='lat' dir='ltr'>obtutu</span> <span class='ocrx_word' id='word_1_139' title='bbox 336 2349 446 2407; x_wconf 91' lang='lat' dir='ltr'>librum</span> <span class='ocrx_word' id='word_1_140' title='bbox 469 2342 493 2406; x_wconf 81' lang='grc' dir='ltr'><strong>Τ</strong></span> <span class='ocrx_word' id='word_1_141' title='bbox 517 2349 588 2407; x_wconf 92' lang='lat' dir='ltr'>dum</span> <span class='ocrx_word' id='word_1_142' title='bbox 610 2351 737 2425; x_wconf 87' lang='lat' dir='ltr'>inspicio</span> <span class='ocrx_word' id='word_1_143' title='bbox 761 2349 921 2426; x_wconf 82' lang='lat' dir='ltr'>gemellum</span> <span class='ocrx_word' id='word_1_144' title='bbox 945 2348 1053 2407; x_wconf 85' lang='lat' dir='ltr'>codicis</span> <span class='ocrx_word' id='word_1_145' title='bbox 1075 2341 1100 2406; x_wconf 80' lang='grc' dir='ltr'><strong>Ε</strong></span> 
     </span>
     <span class='ocr_line' id='line_1_22' title="bbox 84 2437 1101 2513; baseline 0.001 -17"><span class='ocrx_word' id='word_1_146' title='bbox 84 2458 148 2498; x_wconf 91' lang='lat' dir='ltr'>esse</span> <span class='ocrx_word' id='word_1_147' title='bbox 171 2438 286 2513; x_wconf 84' lang='lat' dir='ltr'>putavi.</span> <span class='ocrx_word' id='word_1_148' title='bbox 319 2439 461 2496; x_wconf 88' lang='lat' dir='ltr'>nimirum</span> <span class='ocrx_word' id='word_1_149' title='bbox 479 2439 583 2496; x_wconf 89' lang='lat' dir='ltr'>multis</span> <span class='ocrx_word' id='word_1_150' title='bbox 603 2437 687 2497; x_wconf 89' lang='lat' dir='ltr'>libris</span> <span class='ocrx_word' id='word_1_151' title='bbox 706 2457 805 2496; x_wconf 90' lang='lat' dir='ltr'>secum</span> <span class='ocrx_word' id='word_1_152' title='bbox 824 2440 1004 2513; x_wconf 88' lang='lat' dir='ltr'>comparatis</span> <span class='ocrx_word' id='word_1_153' title='bbox 1024 2437 1101 2497; x_wconf 86' lang='grc'><strong>21122</strong></span> 
     </span>
     <span class='ocr_line' id='line_1_23' title="bbox 84 2526 1102 2602; baseline -0.002 -15"><span class='ocrx_word' id='word_1_154' title='bbox 84 2527 206 2588; x_wconf 88' lang='lat' dir='ltr'>aliunde</span> <span class='ocrx_word' id='word_1_155' title='bbox 236 2530 266 2586; x_wconf 88' lang='lat' dir='ltr'>et</span> <span class='ocrx_word' id='word_1_156' title='bbox 296 2526 388 2584; x_wconf 90' lang='lat' dir='ltr'>bonas</span> <span class='ocrx_word' id='word_1_157' title='bbox 418 2527 560 2586; x_wconf 88' lang='lat' dir='ltr'>lectiones</span> <span class='ocrx_word' id='word_1_158' title='bbox 600 2532 630 2585; x_wconf 89' lang='lat' dir='ltr'>et</span> <span class='ocrx_word' id='word_1_159' title='bbox 668 2526 775 2585; x_wconf 88' lang='lat' dir='ltr'>menda</span> <span class='ocrx_word' id='word_1_160' title='bbox 806 2545 912 2602; x_wconf 87' lang='lat' dir='ltr'>parum</span> <span class='ocrx_word' id='word_1_161' title='bbox 946 2529 1102 2602; x_wconf 87' lang='lat' dir='ltr'>perspecta</span> 
     </span>
     <span class='ocr_line' id='line_1_24' title="bbox 83 2614 1102 2690; baseline -0.001 -15"><span class='ocrx_word' id='word_1_162' title='bbox 83 2616 255 2690; x_wconf 86' lang='lat' dir='ltr'>hauriebat,</span> <span class='ocrx_word' id='word_1_163' title='bbox 285 2615 361 2674; x_wconf 87' lang='lat' dir='ltr'>alius</span> <span class='ocrx_word' id='word_1_164' title='bbox 390 2615 463 2673; x_wconf 91' lang='lat' dir='ltr'>alibi</span> <span class='ocrx_word' id='word_1_165' title='bbox 487 2616 707 2674; x_wconf 88' lang='lat' dir='ltr'>emendationes</span> <span class='ocrx_word' id='word_1_166' title='bbox 731 2614 868 2674; x_wconf 83' lang='lat' dir='ltr'>addebat.</span> <span class='ocrx_word' id='word_1_167' title='bbox 914 2634 1008 2690; x_wconf 90' lang='lat' dir='ltr'>neque</span> <span class='ocrx_word' id='word_1_168' title='bbox 1032 2634 1102 2674; x_wconf 89' lang='lat' dir='ltr'>vcro</span> 
     </span>
     <span class='ocr_line' id='line_1_25' title="bbox 84 2704 1103 2780; baseline -0.002 -16"><span class='ocrx_word' id='word_1_169' title='bbox 84 2707 142 2764; x_wconf 90' lang='lat' dir='ltr'>hae</span> <span class='ocrx_word' id='word_1_170' title='bbox 175 2706 371 2764; x_wconf 87' lang='lat' dir='ltr'>correctiones</span> <span class='ocrx_word' id='word_1_171' title='bbox 404 2707 434 2763; x_wconf 90' lang='lat' dir='ltr'>et</span> <span class='ocrx_word' id='word_1_172' title='bbox 466 2705 686 2764; x_wconf 90' lang='lat' dir='ltr'>emendationes</span> <span class='ocrx_word' id='word_1_173' title='bbox 719 2723 812 2780; x_wconf 91' lang='lat' dir='ltr'>usque</span> <span class='ocrx_word' id='word_1_174' title='bbox 840 2704 878 2762; x_wconf 93' lang='lat' dir='ltr'>ad</span> <span class='ocrx_word' id='word_1_175' title='bbox 906 2705 1103 2780; x_wconf 84' lang='lat' dir='ltr'>archetypum</span> 
     </span>
     <span class='ocr_line' id='line_1_26' title="bbox 84 2793 1103 2869; baseline -0.001 -16"><span class='ocrx_word' id='word_1_176' title='bbox 84 2795 230 2854; x_wconf 88' lang='lat' dir='ltr'>librorum</span> <span class='ocrx_word' id='word_1_177' title='bbox 253 2795 397 2853; x_wconf 90' lang='lat' dir='ltr'>recedunt</span> <span class='ocrx_word' id='word_1_178' title='bbox 419 2813 514 2869; x_wconf 91' lang='lat' dir='ltr'>neque</span> <span class='ocrx_word' id='word_1_179' title='bbox 538 2795 627 2868; x_wconf 87' lang='lat' dir='ltr'>ultra,</span> <span class='ocrx_word' id='word_1_180' title='bbox 651 2793 702 2852; x_wconf 90' lang='lat' dir='ltr'>scd</span> <span class='ocrx_word' id='word_1_181' title='bbox 725 2793 865 2852; x_wconf 89' lang='lat' dir='ltr'>inlibris</span> <span class='ocrx_word' id='word_1_182' title='bbox 888 2793 1103 2852; x_wconf 88' lang='lat' dir='ltr'>recentioribus</span> 
     </span>
     <span class='ocr_line' id='line_1_27' title="bbox 85 2880 1103 2962; baseline -0.003 -19"><span class='ocrx_word' id='word_1_183' title='bbox 85 2884 241 2962; x_wconf 83' lang='lat' dir='ltr'>leguntur,</span> <span class='ocrx_word' id='word_1_184' title='bbox 269 2885 360 2958; x_wconf 91' lang='lat' dir='ltr'>atque</span> <span class='ocrx_word' id='word_1_185' title='bbox 387 2883 516 2943; x_wconf 81' lang='lat' dir='ltr'>maxime</span> <span class='ocrx_word' id='word_1_186' title='bbox 543 2885 575 2941; x_wconf 91' lang='lat' dir='ltr'>in</span> <span class='ocrx_word' id='word_1_187' title='bbox 598 2880 635 2957; x_wconf 74' lang='lat' dir='ltr'>d,</span> <span class='ocrx_word' id='word_1_188' title='bbox 654 2899 725 2960; x_wconf 58' lang='lat' dir='ltr'>est]</span> <span class='ocrx_word' id='word_1_189' title='bbox 748 2882 889 2941; x_wconf 88' lang='lat' dir='ltr'>videntur</span> <span class='ocrx_word' id='word_1_190' title='bbox 911 2883 1011 2941; x_wconf 88' lang='lat' dir='ltr'>fuisse.</span> <span class='ocrx_word' id='word_1_191' title='bbox 1058 2885 1103 2940; x_wconf 93' lang='lat' dir='ltr'>in-</span> 
     </span>
    </p>
   </div>
   <div class='ocr_carea' id='block_1_8' title="bbox 79 2964 1125 3580">
    <p class='ocr_par' dir='ltr' id='par_1_12' title="bbox 79 2964 1125 3580">
     <span class='ocr_line' id='line_1_28' title="bbox 86 2964 1105 3054; baseline -0.001 -23"><span class='ocrx_word' id='word_1_192' title='bbox 86 2974 164 3031; x_wconf 89' lang='lat' dir='ltr'>tacti</span> <span class='ocrx_word' id='word_1_193' title='bbox 188 2972 224 3032; x_wconf 88' lang='lat' dir='ltr'>ab</span> <span class='ocrx_word' id='word_1_194' title='bbox 248 2973 285 3032; x_wconf 90' lang='lat' dir='ltr'>iis</span> <span class='ocrx_word' id='word_1_195' title='bbox 310 2965 422 3047; x_wconf 73' lang='grc' dir='ltr'><strong>ΦθΗ,</strong></span> <span class='ocrx_word' id='word_1_196' title='bbox 445 2973 536 3047; x_wconf 90' lang='lat' dir='ltr'>paulo</span> <span class='ocrx_word' id='word_1_197' title='bbox 559 2973 657 3030; x_wconf 92' lang='lat' dir='ltr'>minus</span> <span class='ocrx_word' id='word_1_198' title='bbox 680 2971 700 3031; x_wconf 81' lang='grc' dir='ltr'><strong><em>λ</em></strong></span> <span class='ocrx_word' id='word_1_199' title='bbox 724 2966 768 3053; x_wconf 88' lang='grc'>(21</span> <span class='ocrx_word' id='word_1_200' title='bbox 787 2964 845 3054; x_wconf 69' lang='lat' dir='ltr'>pr)</span> <span class='ocrx_word' id='word_1_201' title='bbox 868 2974 1050 3047; x_wconf 87' lang='lat' dir='ltr'>manserunt,</span> <span class='ocrx_word' id='word_1_202' title='bbox 1074 2974 1105 3030; x_wconf 91' lang='lat' dir='ltr'>et</span> 
     </span>
     <span class='ocr_line' id='line_1_29' title="bbox 79 3054 1104 3137; baseline -0.002 -17"><span class='ocrx_word' id='word_1_203' title='bbox 79 3062 203 3121; x_wconf 89' lang='lat' dir='ltr'>codices</span> <span class='ocrx_word' id='word_1_204' title='bbox 230 3054 296 3120; x_wconf 80' lang='lat' dir='ltr'>J¹X</span> <span class='ocrx_word' id='word_1_205' title='bbox 304 3054 341 3119; x_wconf 71' lang='grc' dir='ltr'>Ιι1</span> <span class='ocrx_word' id='word_1_206' title='bbox 369 3079 465 3137; x_wconf 88' lang='lat' dir='ltr'>pauca</span> <span class='ocrx_word' id='word_1_207' title='bbox 493 3082 528 3120; x_wconf 81' lang='lat' dir='ltr'>en</span> <span class='ocrx_word' id='word_1_208' title='bbox 556 3061 633 3119; x_wconf 90' lang='lat' dir='ltr'>alius</span> <span class='ocrx_word' id='word_1_209' title='bbox 661 3061 763 3136; x_wconf 88' lang='lat' dir='ltr'>stirpis</span> <span class='ocrx_word' id='word_1_210' title='bbox 792 3060 942 3121; x_wconf 89' lang='lat' dir='ltr'>codicibus</span> <span class='ocrx_word' id='word_1_211' title='bbox 971 3061 1009 3119; x_wconf 93' lang='lat' dir='ltr'>ad</span> <span class='ocrx_word' id='word_1_212' title='bbox 1037 3061 1104 3120; x_wconf 90' lang='lat' dir='ltr'>stir-</span> 
     </span>
     <span class='ocr_line' id='line_1_30' title="bbox 86 3142 1106 3227; baseline -0.001 -18"><span class='ocrx_word' id='word_1_213' title='bbox 86 3153 134 3227; x_wconf 89' lang='lat' dir='ltr'>pis</span> <span class='ocrx_word' id='word_1_214' title='bbox 157 3150 178 3209; x_wconf 85' lang='grc' dir='ltr'><em>λ</em></span> <span class='ocrx_word' id='word_1_215' title='bbox 200 3153 315 3208; x_wconf 85' lang='lat' dir='ltr'>textum</span> <span class='ocrx_word' id='word_1_216' title='bbox 339 3151 490 3225; x_wconf 87' lang='lat' dir='ltr'>adnotata,</span> <span class='ocrx_word' id='word_1_217' title='bbox 517 3151 577 3209; x_wconf 89' lang='lat' dir='ltr'>alia</span> <span class='ocrx_word' id='word_1_218' title='bbox 600 3142 669 3208; x_wconf 76' lang='lat'>1¹0</span> <span class='ocrx_word' id='word_1_219' title='bbox 693 3149 844 3226; x_wconf 90' lang='lat' dir='ltr'>praebent.</span> <span class='ocrx_word' id='word_1_220' title='bbox 891 3169 987 3225; x_wconf 92' lang='lat' dir='ltr'>neque</span> <span class='ocrx_word' id='word_1_221' title='bbox 1011 3150 1106 3227; x_wconf 82' lang='lat' dir='ltr'>igitur</span> 
     </span>
     <span class='ocr_line' id='line_1_31' title="bbox 86 3239 1106 3315; baseline -0.001 -17"><span class='ocrx_word' id='word_1_222' title='bbox 86 3240 284 3298; x_wconf 87' lang='lat' dir='ltr'>fundamento</span> <span class='ocrx_word' id='word_1_223' title='bbox 312 3259 458 3313; x_wconf 88' lang='lat' dir='ltr'>caremus,</span> <span class='ocrx_word' id='word_1_224' title='bbox 487 3240 512 3298; x_wconf 86' lang='lat' dir='ltr'>si</span> <span class='ocrx_word' id='word_1_225' title='bbox 537 3240 570 3298; x_wconf 87' lang='grc' dir='ltr'><em>Φ</em></span> <span class='ocrx_word' id='word_1_226' title='bbox 597 3241 627 3298; x_wconf 85' lang='grc'>21</span> <span class='ocrx_word' id='word_1_227' title='bbox 652 3239 751 3315; x_wconf 90' lang='lat' dir='ltr'>ipsum</span> <span class='ocrx_word' id='word_1_228' title='bbox 775 3239 971 3315; x_wconf 86' lang='lat' dir='ltr'>archetypum</span> <span class='ocrx_word' id='word_1_229' title='bbox 994 3239 1106 3298; x_wconf 90' lang='lat' dir='ltr'>lacera-</span> 
     </span>
     <span class='ocr_line' id='line_1_32' title="bbox 87 3330 1106 3402; baseline -0.003 -15"><span class='ocrx_word' id='word_1_230' title='bbox 87 3331 153 3387; x_wconf 92' lang='lat' dir='ltr'>tum</span> <span class='ocrx_word' id='word_1_231' title='bbox 185 3330 341 3388; x_wconf 86' lang='lat' dir='ltr'>restituere</span> <span class='ocrx_word' id='word_1_232' title='bbox 373 3347 527 3400; x_wconf 87' lang='lat' dir='ltr'>conamur,</span> <span class='ocrx_word' id='word_1_233' title='bbox 559 3347 654 3402; x_wconf 86' lang='lat' dir='ltr'>neque</span> <span class='ocrx_word' id='word_1_234' title='bbox 686 3332 745 3401; x_wconf 88' lang='lat' dir='ltr'>est,</span> <span class='ocrx_word' id='word_1_235' title='bbox 777 3347 830 3386; x_wconf 86' lang='lat' dir='ltr'>cur</span> <span class='ocrx_word' id='word_1_236' title='bbox 859 3332 1043 3388; x_wconf 87' lang='lat' dir='ltr'>correcturas</span> <span class='ocrx_word' id='word_1_237' title='bbox 1076 3330 1106 3386; x_wconf 89' lang='grc'>21</span> 
     </span>
     <span class='ocr_line' id='line_1_33' title="bbox 87 3416 1104 3492; baseline -0.002 -16"><span class='ocrx_word' id='word_1_238' title='bbox 87 3417 335 3492; x_wconf 87' lang='lat' dir='ltr'>interpolationes</span> <span class='ocrx_word' id='word_1_239' title='bbox 362 3418 433 3475; x_wconf 88' lang='lat' dir='ltr'>huic</span> <span class='ocrx_word' id='word_1_240' title='bbox 461 3417 669 3476; x_wconf 89' lang='lat' dir='ltr'>attribuamus.</span> <span class='ocrx_word' id='word_1_241' title='bbox 719 3417 811 3475; x_wconf 90' lang='lat' dir='ltr'>immo</span> <span class='ocrx_word' id='word_1_242' title='bbox 844 3417 936 3474; x_wconf 89' lang='lat' dir='ltr'>medii</span> <span class='ocrx_word' id='word_1_243' title='bbox 968 3416 1032 3475; x_wconf 83' lang='lat' dir='ltr'>aevi</span> <span class='ocrx_word' id='word_1_244' title='bbox 1066 3433 1104 3474; x_wconf 88' lang='lat' dir='ltr'>sc.</span> 
     </span>
     <span class='ocr_line' id='line_1_34' title="bbox 88 3498 1125 3580; baseline -0.012 -14"><span class='ocrx_word' id='word_1_245' title='bbox 88 3507 274 3566; x_wconf 88' lang='lat' dir='ltr'>saeculorum</span> <span class='ocrx_word' id='word_1_246' title='bbox 290 3498 400 3564; x_wconf 84' lang='lat' dir='ltr'>XIleI</span> <span class='ocrx_word' id='word_1_247' title='bbox 419 3508 449 3565; x_wconf 90' lang='lat' dir='ltr'>et</span> <span class='ocrx_word' id='word_1_248' title='bbox 468 3507 656 3580; x_wconf 88' lang='lat' dir='ltr'>sequentium</span> <span class='ocrx_word' id='word_1_249' title='bbox 674 3505 779 3563; x_wconf 87' lang='lat' dir='ltr'>studia</span> <span class='ocrx_word' id='word_1_250' title='bbox 799 3505 909 3562; x_wconf 84' lang='lat' dir='ltr'>sedula</span> <span class='ocrx_word' id='word_1_251' title='bbox 925 3504 1125 3566; x_wconf 57' lang='grc'><strong>2222122122,</strong></span> 
     </span>
    </p>
   </div>
   <div class='ocr_carea' id='block_1_9' title="bbox 0 0 1225 3832">
    <p class='ocr_par' dir='ltr' id='par_1_13' title="bbox 0 0 1225 3832">
     <span class='ocr_line' id='line_1_35' title="bbox 0 0 1225 3832; baseline 0 0"><span class='ocrx_word' id='word_1_252' title='bbox 0 0 1225 3832; x_wconf 95' lang='lat' dir='ltr'> </span> 
     </span>
    </p>
   </div>
  </div>
 </body>
</html>
