2408 3832
71 159 122 212 XII
476 157 681 212 PRAEFATIO

73 301 201 369 Senecae
215 309 247 368 II
263 311 330 384 1,3
356 329 390 368 ex
414 329 448 368 eo
473 312 604 385 quaerit:
627 311 766 382 quomodo
789 310 989 369 deterrarum
1011 314 1094 369 utotu

72 403 267 472 quaestionem
291 416 321 458 oo
340 399 647 472 resolutumque
675 399 710 457 de
733 400 886 458 tonitribus
909 398 1093 473 subparibus·

72 508 126 563 quc
154 489 286 546 dicturus
313 488 363 546 es?
408 490 481 563 qui,
503 491 529 547 si
555 488 665 546 librum
688 487 733 546 VI
760 489 913 564 cognitum
936 488 1094 549 habuisset
1134 483 1138 493 ’

73 597 200 653 eamque
218 579 250 634 in
269 578 367 635 locum
385 577 455 636 libri
469 576 500 635 Π
518 580 592 636 tunc
611 577 814 636 conscribendi
832 577 1006 637 successisse
1025 597 1093 637 cen·

73 668 193 739 suisset,
225 666 288 725 sine
321 666 410 725 dubio
443 684 499 739 quo
531 667 662 725 dicturus
692 684 758 726 crus
786 685 927 742 quaerere
956 665 1090 726 debebat.

72 775 170 831 neque
192 755 288 833 igitur
309 755 375 813 ulla
396 757 499 814 manet
522 755 691 831 difficultas,
715 756 766 814 sed
783 754 927 831 pristinus
946 755 1091 815 librorum

73 845 145 904 ordo
165 847 239 904 salis
258 846 384 919 constat,
405 845 458 919 qui
475 847 651 904 immutatus
666 844 713 903 vel
732 844 925 920 perturbatus
943 847 975 903 in
991 845 1091 904 arche-

72 937 179 1010 typum
198 934 332 993 codicum
351 953 442 992 manu
461 933 641 1010 scriptorum
654 935 745 992 venit.
783 937 873 1010 atque
889 934 1093 1009 praefationes

74 1043 151 1099 quae
174 1023 337 1082 traduntur
359 1041 476 1099 semper
499 1042 567 1081 cum
594 1023 668 1098 ipsis
691 1023 776 1082 libris
800 1022 973 1082 coniunctas
1000 1023 1093 1083 fuisse

73 1131 169 1188 neque
193 1112 230 1171 ab
253 1113 290 1170 iis
314 1113 420 1171 revelli
442 1131 528 1187 posse
556 1131 610 1187 pro
634 1114 715 1170 certo
737 1112 833 1171 habeo
862 1111 963 1191 (stud.
983 1111 999 1170 Ι
1019 1114 1092 1172 110.

75 1204 192 1277 113sq.
214 1203 285 1260 115.
307 1193 394 1282 120).

141 1290 293 1349 Habemus
321 1291 415 1368 igitur
443 1308 516 1365 opus
545 1294 611 1349 octo
635 1289 727 1349 libros
751 1291 933 1366 amplexum,
964 1310 1095 1366 quorum

74 1398 124 1439 sex
136 1380 248 1456 integri
268 1379 326 1438 duo
340 1381 440 1438 trunci
455 1380 492 1437 ad
506 1397 560 1438 nos
574 1383 785 1455 pervenerunt,
804 1382 942 1439 novimus
959 1381 1096 1440 ordinem

74 1472 104 1528 et
123 1471 256 1545 partium
275 1470 305 1527 el
323 1468 511 1546 singulorum
528 1468 683 1528 librorum.
715 1471 831 1528 restant
851 1467 1094 1545 subscriptiones.

160 1677 202 1742 ΙΙ.
229 1676 276 1741 lle
300 1676 596 1764 subscriptionibus
619 1676 780 1743 librorum
803 1676 836 1743 et
859 1676 1003 1743 edidere

142 1827 212 1884 Tati
236 1818 319 1901 operi
341 1825 449 1884 titulus
473 1826 594 1884 videtur
616 1825 708 1884 fuisse
731 1825 926 1884 Naturalium
946 1825 1096 1900 Quaestio·

74 1934 147 1974 uum
169 1916 237 1974 libri
260 1919 328 1982 ocu,
351 1915 423 1974 talis
447 1917 526 1973 enim
545 1933 560 1972 e
580 1914 730 1973 codicibus
749 1915 876 1987 eruitur,
899 1916 1096 1990 nequeenim

74 2005 208 2079 interest,
231 2002 311 2079 quod
330 2005 363 2061 in
380 2003 483 2062 multis
508 2006 543 2063 111
561 2004 631 2063 Nat.
653 2003 875 2078 Qttocstiom'bus
893 2004 1012 2082 legitur.
1044 2025 1094 2064 ne·

75 2114 133 2170 que
152 2097 206 2168 est,
225 2112 277 2152 cur
291 2093 364 2152 haec
378 2093 535 2152 collocatio
549 2092 707 2151 verborum
720 2092 806 2152 nobis
821 2092 987 2168 displiceat,
1004 2112 1095 2168 quam

76 2185 243 2259 antiquitus
267 2182 439 2241 sollemnem
462 2182 555 2242 fuisse
578 2182 612 2239 ll.
629 2181 752 2240 Norden
775 2182 849 2239 mihi
872 2181 1025 2258 probavit:
1048 2185 1096 2241 in-

76 2290 160 2332 verso
175 2273 253 2330 enim
269 2272 372 2330 ordine
387 2271 606 2331 substantivum
622 2276 652 2329 et
666 2270 846 2330 adiectivum
863 2270 1009 2349 singulari
1027 2274 1096 2331 tan·

75 2365 138 2420 tum
155 2380 277 2419 numero
292 2361 428 2420 adhibito
443 2359 667 2420 collocabantur
680 2360 764 2419 velut
778 2361 913 2419 Historia
927 2361 1095 2430 Naturalis,

75 2452 225 2509 Institutio
242 2449 387 2509 Oratoria.
412 2468 483 2509 sane
497 2449 582 2508 tituli
597 2450 744 2526 generalis
758 2449 963 2508 testimonium
977 2449 1095 2508 nullum

77 2541 187 2613 exstat,
214 2557 310 2614 neque
337 2541 401 2614 ipse
430 2541 534 2597 auctor
563 2539 595 2595 in
624 2540 811 2614 praefatione
843 2538 913 2596 libri
931 2538 979 2596 ΠΙ
1008 2540 1096 2598 illum

76 2628 190 2706 prodit,
218 2628 361 2703 quoniam
389 2628 425 2685 de
449 2629 546 2687 causis
573 2630 693 2686 tantum
716 2627 819 2686 mundi
841 2628 977 2702 loquitur
1000 2621 1095 2709 (§1).

75 2719 167 2795 paulo
190 2719 314 2793 propius
338 2716 375 2774 ad
403 2718 523 2777 solitam
545 2717 771 2793 inscriptionem
794 2717 932 2775 accedere
955 2716 1097 2776 videntur
1142 2793 1144 2796 Α

77 2806 281 2882 quaeH1,1
302 2806 445 2884 legimtur
462 2809 557 2865 cumis
580 2807 615 2864 de
637 2808 773 2864 uuioerso
792 2808 952 2879 quaestio
972 2852 1000 2865 ..
1022 2806 1096 2866 diui·

76 2897 165 2968 ditur,
189 2898 219 2954 et
241 2894 316 2970 111,
333 2897 351 2954 3
376 2896 516 2968 quoruodo
534 2896 569 2955 dc
591 2899 739 2954 terrarum
756 2900 835 2953 motu
853 2897 1097 2967 quaestionem

77 3003 108 3043 ec
128 2987 255 3058 posuisti
278 2986 344 3044 loco.
391 2986 525 3060 proxime
553 2985 666 3044 accedit
695 3004 739 3061 ep.
756 2985 807 3057 88,
823 2986 865 3042 24
889 2991 1095 3045 cumaculam

78 3080 119 3132 est
150 3075 190 3132 ad
221 3075 409 3133 uaturales
450 3075 689 3146 quaestiones,
726 3076 898 3147 poematica
935 3076 1096 3134 testimonio

76 3167 185 3231 111111,
213 3181 309 3238 neque
336 3182 407 3222 vero
436 3164 471 3221 de
495 3182 549 3222 suo
573 3181 661 3238 opere
688 3161 743 3221 hoc
767 3164 832 3221 loco
856 3153 977 3222 disserit
998 3183 1096 3239 neque

76 3254 108 3311 in
133 3271 177 3328 ep.
198 3252 250 3322 89,
272 3254 321 3310 17.
366 3256 469 3311 tamen
490 3251 685 3311 Naturalium
709 3251 916 3325 Quaestionum
944 3244 1095 3332 (11111111

78 3340 263 3419 ζητημάτων)
287 3341 380 3400 libros
401 3341 543 3400 Senecam
562 3341 769 3415 conscripsisse
788 3343 819 3399 et
836 3341 880 3399 sic
901 3342 1095 3417 inscripsisse,

77 3431 210 3508 generali
234 3433 335 3490 autem
362 3431 452 3490 titulo
477 3431 620 3507 speciales
645 3429 829 3506 singulorum
852 3429 1021 3489 libellorum
1045 3429 1096 3488 ad-

65 3519 182 3576 didisse
207 3521 270 3577 reri
293 3523 340 3578 est
363 3520 558 3579 simillimum.
