2408 3832
85 228 106 267 α
305 174 825 243 11111111111111111111110.
847 182 888 232 11.
1044 176 1107 241 103

160 323 210 388 11.
236 320 330 398 ‘Quid
353 322 465 409 ergol'
489 323 605 407 inquit,
628 323 669 387 ‘si
691 327 864 407 perpetuae
886 326 962 388 sunt
985 339 1108 406 causae,
1128 342 1141 387 1

90 411 209 495 quibus
241 412 377 476 flumine
408 413 558 476 oriuntur
589 411 642 477 uc'
657 413 778 495 fontes,
806 430 904 496 quere
934 413 1107 497 aliquando

88 501 251 566 siccantur
273 500 445 583 aliquando
470 499 588 584 quibus
611 523 677 566 non
698 501 829 565 fuerunt
852 503 932 566 locis
956 503 1106 567 exeunt?

88 611 185 674 saepe
208 593 299 654 motu
322 595 480 655 terrarum
508 591 624 655 itinera
645 589 818 655 turbantur
840 596 873 656 et
896 591 989 655 ruina
1012 592 1107 656 inter-

60 704 73 744 ⁵
89 679 210 743 scindit
232 698 362 743 cursum
385 679 488 762 aquis,
506 701 588 763 quae
606 683 749 744 retentae
767 701 870 744 novos
889 680 994 744 exitus
1014 701 1108 763 quae

87 771 220 831 mutet
243 767 352 852 aliquo
376 769 533 851 impetum
557 767 682 832 faciunt
704 772 760 833 aut
782 770 883 852 ipsius
902 770 1108 851 quassatione

87 862 192 920 terrae
215 856 344 920 aliunde
367 858 431 921 alio
454 858 699 922 translenmtur.
741 859 827 941 apud
850 879 910 923 nos
933 857 1016 922 solet
1038 875 1142 922 evea

88 946 168 1029 nire,
186 949 224 1009 ut
241 947 359 1010 amisso
373 945 478 1010 canali
497 969 556 1012 suo
574 946 709 1011 flumina
726 947 867 1030 primum
886 946 1107 1030 retundantur,

88 1033 213 1117 deinde,
236 1035 313 1118 quia
340 1035 550 1118 perdiderunt
572 1036 671 1117 mam,
700 1035 829 1100 faciant.
874 1035 937 1101 hoc
960 1036 1005 1100 eit
1028 1037 1107 1100 ecci-

46 1123 174 1189 iodisse
206 1120 551 1208 Theophrastus
587 1125 620 1188 in
654 1123 777 1209 Coryco
815 1129 938 1208 monte,
975 1125 1009 1190 in
1042 1146 1106 1209 quo

87 1217 163 1296 post
198 1217 356 1277 terrarum
391 1216 564 1277 tremorem
595 1235 680 1278 nova
711 1214 761 1278 vis
795 1214 936 1278 fontium
968 1214 1106 1278 emersit.

89 1301 195 1385 [snut]
228 1302 280 1365 cui
312 1303 392 1366 alias
423 1323 550 1385 quoque
580 1323 692 1368 causas
725 1303 918 1368 intervenire
948 1304 1107 1386 opinatur,

87 1412 170 1473 quae
194 1389 317 1474 [aliter]
348 1395 478 1456 evocent
502 1413 602 1475 aquas
625 1396 681 1456 aut
712 1413 805 1456 cursu
829 1412 887 1456 suo
911 1391 1052 1457 deiciant
1076 1398 1108 1457 et

87 1483 248 1544 avertant:
281 1479 345 1544 fuit
373 1479 545 1563 aliquando
569 1491 723 1564 aquarum
754 1482 847 1564 inops
870 1480 1028 1564 Haemus,
1051 1481 1108 1546 sed

46 1590 163 1635 15011111
188 1567 353 1632 Gallorum
385 1591 463 1654 gens
487 1592 506 1632 a
530 1568 708 1634 Cassandro
732 1570 864 1635 obsessa
893 1571 928 1634 in
956 1569 1050 1634 illum
1073 1593 1107 1634 se

88 1658 278 1722 contulisset
305 1663 338 1721 et
367 1659 464 1723 silvas
488 1658 668 1741 cecidisset,
698 1660 812 1745 ingens
835 1681 991 1743 aquarum
1014 1661 1107 1745 copia

87 1746 252 1830 apparuit,
282 1767 361 1829 quas
392 1747 541 1812 videlicet
571 1748 606 1812 in
635 1749 824 1812 alimentum
853 1770 946 1813 suum
974 1770 1108 1812 nemora

87 1835 262 1919 ducebaut3
292 1836 409 1919 quibus
433 1837 549 1901 eversis
572 1858 675 1920 umor,
706 1837 762 1919 qui
788 1838 884 1902 desiit
912 1839 946 1902 in
973 1838 1105 1902 arbusta

87 1925 244 2006 consumi,
268 1926 455 2008 superfusus
478 1929 535 1990 eet.
572 1925 657 1990 idem
681 1926 727 1991 ait
749 1931 781 1990 et
806 1927 890 1992 eirca
907 1925 1142 2013 Magnesiam

43 2042 72 2080 eo
86 2013 250 2078 accidisse.
297 2015 352 2078 sed
374 2035 452 2098 pace
476 2012 738 2098 Theophrasti
761 2015 880 2080 dixisse
903 2016 1012 2081 liceat:
1038 2036 1106 2080 non

87 2107 137 2166 est
161 2102 224 2166 hoc
246 2103 350 2167 simile
373 2105 449 2180 veri,
481 2104 557 2188 quia
587 2105 653 2168 lere
676 2104 889 2187 aquosissima
913 2106 988 2170 sunt
1011 2120 1107 2188 quae·

159 2337 172 2383 1
186 2333 221 2399 es.
235 2333 341 2386 Aetnae
355 2349 378 2386 c.
394 2335 431 2386 25
445 2349 530 2386 caneo
545 2332 724 2402 perennium
739 2335 747 2402 ]
766 2338 798 2385 10
812 2365 847 2372 —
856 2349 886 2402 p.
903 2337 965 2400 104,
976 2338 1009 2386 11
1024 2334 1106 2388 Theo-

80 2404 195 2472 phrasti
211 2405 310 2473 frcpm.
330 2404 402 2458 decet
419 2403 497 2472 apisci
519 2404 600 2458 Wion.

159 2616 292 2687 linquit]
306 2616 400 2685 inquis
415 2618 439 2671 d
456 2619 466 2686 11
483 2622 500 2670 11
516 2618 560 2689 ac]
576 2619 604 2671 et
618 2617 642 2670 d
655 2619 664 2688 11
682 2616 840 2688 afuerunt]
859 2616 938 2672 fuere
951 2620 976 2671 Δ
998 2619 1002 2687 Ι
1022 2617 1105 2689 locis]

83 2703 138 2742 oue
157 2703 178 2758 p
200 2690 209 2756 11
233 2693 248 2739 a
267 2688 406 2760 retentae]
425 2688 547 2742 retentis
566 2693 584 2741 z
608 2689 721 2742 recente
738 2693 759 2740 1·
783 2690 909 2743 recentes
927 2689 1037 2759 A¹e(A)
1062 2705 1106 2743 re·

84 2760 218 2812 sistentes
236 2760 260 2812 d
278 2761 286 2828 11
305 2765 321 2812 θ
341 2761 370 2813 et
387 2775 412 2813 e.
427 2759 445 2812 i.
465 2758 585 2830 faciunt]
605 2776 655 2813 om.
670 2762 695 2813 Δ
714 2761 724 2829 1
742 2765 757 2813 7
773 2759 850 2829 apud
868 2761 931 2832 nos]
951 2761 969 2813 i.
984 2777 1005 2815 e.
1019 2772 1106 2831 supro

85 2835 187 2883 terram
208 2832 211 2898 1
233 2831 346 2884 euenire
365 2829 437 2885 solet
459 2830 518 2885 coll.
538 2834 563 2884 Δ
587 2833 596 2900 11
620 2830 774 2902 alaciant]
793 2830 904 2885 faciunt
923 2832 1103 2901 eumn]

85 2917 144 2954 acc.
159 2901 201 2953 ait
214 2902 308 2955 collA
327 2903 336 2971 ]]
355 2907 386 2954 10
400 2901 622 2973 Theophrastus]
641 2905 716 2956 -atus
735 2904 804 2956 111
826 2905 830 2971 ]
848 2918 950 2972 coryco
964 2904 995 2975 z]
1014 2903 1105 2958 eorico

85 2974 161 3042 εθρ
190 2971 265 3026 corio
284 2975 333 3027 δλ
360 2976 369 3042 11
397 2977 428 3026 1⁸
447 2974 547 3043 [s(un)t
569 2975 610 3027 cel
633 2973 717 3044 si]cui
737 2974 797 3045 Ge]
826 2975 892 3026 sunt
909 2973 959 3043 qui
980 2977 1012 3028 Φ
1025 2976 1106 3046 culpo

84 3043 160 3096 sicut
173 3044 263 3098 cho
286 3043 327 3097 sic
350 3046 379 3098 et
402 3060 418 3098 a
442 3043 551 3100 sufficet
569 3045 664 3099 Boset.
691 3047 695 3114 Ι
720 3044 803 3116 alias]
828 3043 899 3099 alios
922 3061 939 3100 e
964 3048 969 3114 Ι
994 3047 1105 3117 musas]

84 3131 167 3167 casus
196 3119 220 3169 Δ
251 3116 254 3183 Ι
285 3115 428 3186 opinatur]
457 3117 553 3169 -antur
577 3118 609 3169 Φ
630 3116 725 3186 culpo,
752 3117 798 3170 scd
825 3117 859 3183 cf.
887 3114 965 3172 idem
993 3118 1010 3170 l.
1034 3122 1070 3171 19
1096 3119 1105 3186 11

86 3191 117 3238 1³
137 3187 222 3310 quae]
241 3186 290 3254 qui
308 3190 359 3239 Ar
384 3189 388 3255 1
414 3186 508 3258 aliter]
528 3204 578 3241 om.
593 3190 614 3238 B
627 3187 717 3257 calpa,
734 3188 798 3253 sort.
817 3203 885 3242 conr.
906 3186 1037 3241 similiter
1056 3188 1104 3243 Ge.

85 3257 115 3309 in
144 3257 203 3310 eliu
250 3257 305 3311 iter
328 3276 351 3311 v.
372 3259 468 3314 Roseb.
497 3257 554 3311 alio
581 3258 738 3326 perducant
756 3259 814 3312 Leo
844 3261 848 3327 1
877 3261 996 3312 enecent
1013 3260 1091 3314 Fort.

86 3330 189 3381 uocant
202 3332 227 3382 Δ
251 3331 348 3397 (auoce
367 3333 398 3399 B)
423 3331 528 3383 uocant
548 3332 580 3382 Φ
606 3330 610 3400 1
638 3329 700 3411 aut]
719 3345 737 3382 a
755 3330 819 3384 odd.
839 3332 864 3383 Δ
890 3333 894 3399 1
915 3330 1041 3384 deiciunt
1064 3332 1093 3384 et

85 3399 221 3453 decidant
235 3403 320 3469 atque
335 3404 359 3454 Δ
379 3403 389 3470 11
406 3406 437 3453 14
452 3400 601 3471 aquarum]
612 3407 676 3469 poet
689 3416 771 3469 mops
785 3405 806 3453 B
820 3416 870 3455 om.
886 3403 907 3455 λ
925 3404 935 3472 1
953 3407 983 3453 la
998 3401 1104 3455 euersis

86 3473 146 3540 111)
166 3471 273 3542 Haase]
302 3471 417 3526 emersis
442 3474 474 3525 Φ
502 3471 602 3524 excisis
621 3474 689 3540 Δ11)
719 3473 724 3540 1
754 3471 886 3542 arbusta]
911 3473 1035 3541 anguste
1056 3472 1117 3538 A]

84 3547 116 3594 21
135 3542 195 3595 ueri
214 3542 307 3596 simile
324 3544 383 3599 coll.
403 3548 483 3597 11111
536 3570 542 3578 ·
