2408 3832
478 139 684 195 PRAEFATIO
1057 139 1095 193 IX

78 295 148 369 isse,
167 293 239 352 dum
256 292 378 351 initium
396 294 494 368 operis
512 294 601 368 parat
624 284 675 374 (cf.
694 293 774 350 infra
793 294 829 351 de
847 283 974 373 11123).
1000 311 1096 368 neque

78 383 166 443 aliter
187 400 235 442 res
259 400 290 442 se
312 380 445 455 haberet,
468 381 492 441 si
516 399 535 439 a
554 382 731 442 caelestibus
754 402 822 441 eum
839 383 962 440 initium
984 382 1096 458 cepisse

78 476 108 531 et
129 475 163 531 in
190 473 309 530 terrena
336 469 466 530 finivisse
495 472 704 532 coniceremus.
749 471 841 530 immo
869 471 986 546 aliquot
1009 469 1096 530 libris

77 561 224 623 absolutis
247 559 404 620 consilium
432 560 530 635 operis
554 559 696 620 Senecam
719 561 894 637 patefecisse
917 578 996 619 nunc
1018 561 1099 618 inter

77 669 180 710 omnes
203 650 265 708 fere
288 651 413 709 constat.
451 651 646 724 nequeenim
665 650 808 709 audiendi
830 652 908 723 sunt,
928 651 981 725 qui
998 651 1097 724 prima

77 741 180 816 capita
207 737 278 796 libri
295 737 327 797 Π
355 738 390 796 de
419 743 486 797 atre
519 740 688 815 conscripta
720 738 757 797 ab
788 741 853 815 ipso
881 737 958 796 libro
985 740 1097 797 temere

77 832 194 890 secreta
215 828 275 888 toti
297 827 381 902 operi
403 826 567 904 praefigere
590 831 691 888 conati
713 830 795 888 sunt:
818 828 919 904 ipsum
942 827 1023 885 enirn
1047 827 1097 886 Se·

79 938 183 979 necem
207 919 398 977 correxerunt
421 908 472 997 (cf.
487 916 518 974 Π
534 919 618 991 11,3
644 921 674 976 et
698 917 780 976 Stud.
795 916 812 975 1
827 917 898 977 115.
917 909 1004 998 118).
1049 916 1099 974 hio

59 1009 174 1086 igitur
205 1007 341 1066 consulto
378 1005 480 1064 ordine
512 1006 630 1067 inverso
666 1009 766 1083 partes
803 1006 872 1064 illas
904 1007 1099 1079 enumeravit,

79 1099 241 1174 postquam
262 1098 382 1154 terrena
405 1094 542 1154 absolvit.

146 1185 229 1245 Haec
248 1186 328 1244 enirn
347 1186 416 1242 ante
435 1183 583 1259 sublimia,
602 1184 743 1243 caelestia
761 1183 916 1258 posthaec
930 1184 1099 1259 conscripta

80 1293 143 1336 esse
162 1272 298 1350 pluribus
316 1272 468 1349 probatur,
501 1275 580 1332 inter
599 1273 699 1332 omnia
717 1277 817 1332 autem
837 1274 1014 1350 argumenta
1032 1291 1100 1350 gra·

80 1366 237 1425 vissimum
254 1362 331 1421 illud
346 1365 399 1436 est,
414 1362 494 1438 quod
512 1383 540 1438 p.
550 1361 610 1419 VH
624 1362 695 1437 dixi,
713 1362 750 1421 de
767 1364 839 1421 novi
858 1363 956 1437 operis
975 1361 1099 1420 consilio

81 1456 234 1513 auctorem
261 1451 293 1509 in
320 1451 507 1527 praefatione
535 1450 606 1509 libri
623 1451 671 1509 111
696 1451 821 1526 referre3
844 1469 941 1526 neque
965 1452 1044 1509 enim
1067 1452 1100 1508 in

79 1543 158 1603 libro
180 1540 367 1618 paenultimo
387 1541 423 1598 de
446 1540 649 1598 fundamentis
671 1540 816 1616 ponendis
840 1560 908 1599 eum
931 1559 1018 1617 agere
1036 1539 1100 1599 veri

81 1635 128 1692 est
150 1631 256 1706 simile,
283 1649 379 1704 neque
406 1631 463 1703 est,
488 1647 540 1687 cur
562 1630 780 1705 praefationem
803 1629 841 1688 ab
864 1631 930 1705 ipso
954 1629 1030 1687 libro
1053 1629 1101 1687 HI

81 1723 248 1782 seiunctam
271 1719 343 1778 olim
366 1719 457 1777 fuisse
481 1718 685 1794 suspiciamus.
731 1719 876 1778 accedunt
899 1718 968 1792 alia,
993 1717 1101 1794 quibus

81 1811 208 1871 terrenis
231 1800 294 1890 (111
320 1800 402 1888 IVa)
429 1807 543 1882 primus
576 1806 753 1867 attribuitur
780 1809 871 1868 locus.
916 1807 994 1866 hanc
1022 1808 1101 1865 enim

81 1901 199 1977 partem
227 1898 265 1956 ad
292 1897 381 1956 finem
408 1897 587 1972 perduxerat
613 1896 788 1972 libellosque
816 1896 932 1956 Lucilio
961 1915 1014 1955 suo
1045 1897 1101 1953 mi·

83 1991 173 2062 serat,
200 2005 268 2046 cum
290 1985 334 2044 VI
358 1987 387 2060 8,
411 1988 430 2045 3
458 1989 553 2045 cesos
580 1991 678 2044 autem
703 1989 779 2045 iader
805 1987 969 2060 opiniones,
996 1986 1102 2058 quibus

84 2081 243 2138 enarratur
268 2075 335 2134 Nili
366 2078 478 2134 metica
508 2076 677 2144 inundatio,
706 2079 732 2134 ct
761 2076 838 2134 hacc
868 2093 928 2134 esse
956 2093 1010 2147 eqs.
1039 2093 1101 2132 mo-

83 2168 180 2242 neret3
213 2164 332 2241 placitis
361 2165 440 2223 enim
467 2163 504 2222 de
531 2164 602 2222 Nilo
632 2165 780 2243 congestis
809 2163 925 2239 aliquid
951 2163 1023 2222 novi
1051 2163 1101 2221 ad·

84 2257 213 2315 dandum
236 2272 299 2313 esse
322 2255 406 2312 ratus
428 2255 528 2328 ipsum
550 2253 661 2312 librum
679 2252 747 2311 IVa
770 2273 829 2312 non
850 2254 1027 2312 retractavit
1050 2252 1102 2310 sed

83 2347 160 2404 miro
182 2342 271 2402 modo
294 2344 375 2401 inter
397 2361 502 2401 causas
524 2345 622 2400 terrae
646 2344 745 2402 motus
764 2346 855 2419 caput
877 2343 953 2401 illud
976 2340 1104 2400 inseruit

85 2427 216 2516 (Studl
232 2424 319 2513 122).
361 2449 451 2508 aque
473 2431 631 2491 historiola
649 2430 797 2507 quaedam
814 2431 859 2490 IV
864 2451 882 2490 a
898 2435 926 2506 2,
943 2433 983 2491 13
1006 2432 1103 2489 fusius

85 2525 226 2582 enarrata
250 2521 322 2596 quid
345 2521 459 2594 doceat,
481 2521 513 2579 H
528 2521 614 2594 59,5
638 2523 702 2579 tarn
725 2520 855 2580 breviter
878 2519 1045 2594 adumbrat,
1068 2522 1104 2578 ut

84 2613 166 2672 illius
189 2610 310 2669 fabulae
328 2611 513 2669 immemores
532 2629 569 2668 ne
591 2610 765 2688 intellegere
784 2609 904 2686 quidem
929 2609 1000 2686 quid
1024 2608 1103 2686 cogi·

84 2701 198 2762 tarerit
218 2701 376 2776 possimus.
421 2718 517 2775 neque
540 2698 635 2776 igitur
657 2699 790 2772 dubium,
813 2699 886 2774 quin
908 2700 928 2758 1.
942 2698 1010 2757 IVa
1033 2701 1103 2757 ante

85 2791 117 2850 H
144 2794 175 2850 et
196 2788 241 2848 VI
273 2789 458 2864 conscriptus
490 2790 537 2847 sit.
591 2790 691 2847 minus
723 2788 809 2847 nobis
841 2789 991 2864 persuasit
1024 2786 1104 2863 quod

87 2879 120 2940 G.
135 2879 261 2938 Mueller
278 2880 388 2954 posuit,
412 2877 449 2936 ad
468 2877 516 2936 ΙΠ
532 2879 571 2937 16
591 2878 738 2954 respicere
756 2877 857 2952 verba,
876 2896 953 2953 quae
973 2876 999 2933 V
1017 2879 1101 2949 14,1

86 2974 215 3043 repetam
232 2985 311 3026 nuuc
328 2968 405 3040 quod
423 2969 456 3024 ic
469 2969 568 3040 primo
582 2968 716 3026 dicerunt
733 2967 883 3045 laganum,
897 2968 956 3025 nisi
975 2985 995 3025 c
1003 2967 1104 3039 priseo

87 3058 297 3117 emendaturus
312 3074 351 3115 es.
374 3058 407 3114 iu
415 3059 514 3128 prinae
533 3055 613 3113 enim
631 3056 667 3114 de
685 3055 775 3114 initio
790 3055 920 3114 eiusdem
935 3054 1030 3113 libelli
1045 3053 1105 3112 dici
1142 3066 1145 3072 ·

87 3140 139 3229 (cf.
163 3147 191 3205 V
206 3138 242 3226 4)
267 3145 417 3204 Schultess
444 3145 607 3204 rectissime
635 3146 764 3220 monuit3
793 3148 926 3204 attamen
952 3163 1018 3202 curn
1041 3142 1104 3201 V4

88 3237 192 3295 eadem
214 3235 434 3312 perstringatur
452 3236 572 3292 tantum
591 3234 736 3308 doctrina,
759 3236 826 3310 ipsa
846 3233 937 3292 rerba
956 3232 1104 3306 11116‚4

88 3328 217 3400 exstent,
251 3323 363 3383 Seneca
394 3324 551 3399 utriusque
584 3323 643 3382 loci
676 3325 763 3399 quasi
798 3325 829 3380 in
866 3341 959 3378 unum
990 3321 1106 3379 confusi

88 3414 216 3487 1114,1
241 3413 361 3472 ridetur
382 3413 560 3471 meminisse.
602 3431 698 3487 neque
721 3413 816 3488 igitur
838 3410 1008 3468 coniectura
1031 3427 1110 3481 opus

90 3504 195 3563 estad
218 3503 352 3562 ordinem
375 3501 544 3561 libellorum
569 3503 600 3561 et
621 3504 800 3579 temporum
821 3495 1047 3556 definiendum.
1125 3503 1130 3512 “
