2408 3832
417 153 447 204 L.
467 151 615 215 ANNAEI'
628 151 793 205 SENECAE

254 406 579 480 NATURALIUM
606 406 952 491 QUAESTIONUM

348 544 481 612 LIBER
504 544 554 609 III
577 544 654 622 QUI
677 545 862 611 FERTUR.

481 689 576 753 Isr'ber
592 691 729 770 primus.

432 811 477 864 De
495 812 576 879 aquis
594 811 774 865 terrestribus.

336 934 554 1006 [PRAEFATIO
574 933 704 988 TOTIVS
724 933 871 1003 opums]

60 1082 73 1126 1
161 1062 238 1127 Non
267 1064 420 1146 praeterit
449 1086 514 1145 me,
544 1061 650 1125 Lucili
672 1063 815 1125 virorum
849 1063 985 1145 optime,
1017 1085 1115 1145 quam

95 1174 284 1237 magnarum
307 1174 413 1216 rerum
437 1152 645 1216 fundamenta
668 1173 785 1234 ponam
812 1174 921 1234 senex,
945 1153 1000 1234 qui
1025 1175 1116 1215 mun-

95 1242 171 1304 dum
196 1242 330 1305 circuire
354 1241 508 1304 constitui
528 1244 560 1304 et
580 1262 689 1304 causas
710 1243 894 1323 secretaque
913 1242 981 1305 eius
1006 1264 1116 1306 eruere

95 1334 192 1412 atque
212 1330 283 1393 aliis
302 1329 463 1393 noscenda
481 1329 670 1412 producere:
691 1329 819 1411 quando
839 1334 905 1392 tam
925 1331 1027 1393 multa
1042 1351 1116 1394 con-

95 1432 218 1502 sequar,
242 1424 307 1483 tam
332 1440 442 1501 sparsa
467 1419 631 1503 colligam,
659 1422 725 1481 tam
750 1419 877 1482 occulta
900 1419 1117 1502 perspiciam?
1132 1446 1159 1484 ιο

59 1509 212 1591 apremr't
242 1530 264 1572 a
293 1512 381 1592 tergo
416 1510 561 1571 senectus
595 1511 627 1571 et
659 1507 760 1570 obicit
790 1529 890 1570 annos
924 1508 1007 1572 inter
1034 1530 1116 1570 vana

95 1597 200 1660 studia
230 1599 452 1680 consumptos:
483 1596 585 1659 ‘tanto
616 1598 718 1680 magis
749 1618 919 1681 urgeamus
944 1600 976 1660 et
1000 1597 1116 1660 damna

94 1687 207 1750 aetatis
227 1687 310 1749 male
329 1688 495 1768 exemptae
518 1686 611 1748 labor
630 1686 758 1768 sarciat5
781 1708 847 1748 nox
866 1685 905 1748 ad
925 1686 1008 1749 diem
1029 1707 1115 1750 acce-

95 1775 158 1857 dat,
177 1775 403 1858 occupationes
420 1775 610 1856 recidantur,
629 1775 815 1857 patrimonii
834 1775 931 1859 longe
950 1775 1114 1838 adomino

94 1865 228 1928 iacentis
259 1886 335 1927 cura
363 1864 513 1945 solvatur,
545 1864 607 1926 sibi
637 1865 725 1926 totus
754 1864 879 1927 animus
902 1866 994 1940 vacet
1018 1867 1050 1928 et
1074 1865 1114 1927 ad
1131 1892 1157 1930 15

95 1953 399 2036 contemplationem
434 1953 483 2015 sui
517 1953 630 2016 saltem
668 1953 702 2015 in
737 1953 807 2035 ipso
845 1952 908 2016 fine
940 1953 1113 2036 respiciat?

59 2043 191 2106 efaciet
221 2064 258 2105 ac
289 2042 351 2104 sibi
382 2041 516 2105 instabit
539 2045 572 2104 et
595 2041 713 2105 cotidie
743 2042 933 2105 brevitatem
958 2044 1113 2124 temporis

93 2131 256 2215 metietur3
281 2130 436 2213 quicquid
459 2130 612 2193 amissum
637 2133 694 2211 est,
717 2129 750 2192 id
770 2130 917 2214 diligenti
940 2153 1000 2193 usu
1024 2153 1114 2213 prae-

65 2272 68 2276 .
94 2220 192 2284 sentis
216 2221 301 2284 vitae
330 2220 511 2303 recolliget:
541 2219 749 2282 fidelissimus
780 2222 828 2282 est
852 2219 892 2281 ad
914 2217 1051 2283 honesta
1074 2243 1114 2284 ex

164 2452 196 2499 10
214 2450 248 2514 cf.
268 2447 332 2502 Sea.
350 2464 390 2515 ep.
410 2451 480 2513 19,1
500 2447 568 2500 eatis
585 2447 702 2499 maltum
726 2448 853 2514 temporis
877 2449 1043 2515 sparsimus:
1070 2451 1113 2502 in-

92 2519 228 2586 cipiamus
246 2536 313 2573 oasa
331 2520 363 2572 ia
380 2525 514 2573 senectute
532 2519 663 2588 colligere.
701 2518 771 2570 adde
789 2535 829 2586 cp.
851 2524 905 2583 1,]

164 2737 181 2784 2
194 2731 267 2785 liber
280 2732 381 2786 tertius
395 2732 488 2802 calpe]
502 2731 520 2784 l.
536 2748 625 2784 nonus
637 2736 719 2784 ΕΗ
733 2729 751 2783 l.
764 2729 899 2799 septimus
909 2731 968 2783 'ru‘
982 2731 1000 2785 l.
1016 2737 1113 2788 sextus

92 2804 156 2858 Ero.
167 2803 210 2867 11¹,
237 2803 254 2857 l.
273 2803 381 2872 primus
405 2803 555 2857 secundam
573 2803 654 2856 Dicte
673 2802 735 2868 Ge,
761 2802 796 2867 cf.
816 2802 855 2856 st.
874 2804 895 2855 I
911 2806 966 2857 122
974 2820 1028 2872 sqq.
1051 2807 1055 2871 1
1077 2806 1113 2858 de

92 2873 174 2942 aquis
192 2874 371 2928 torrestn'bus
390 2875 454 2928 add.
467 2873 514 2928 Ge.
529 2874 598 2928 conl.
608 2891 638 2942 p.
649 2877 722 2939 97‚3
740 2875 749 2942 ΙΙ
768 2879 783 2925 5
798 2871 942 2927 Praefatio
956 2875 1020 2928 odd.
1031 2876 1111 2930 Fert.

91 2948 142 2998 tot.
157 2962 201 3015 op.
217 2945 281 3000 add.
294 2947 341 3002 Ge.
361 2947 370 3014 t
389 2951 405 2998 6
424 2943 581 3014 pr(a)eterit
594 2948 666 2997 ABG
681 2944 931 2998 Pal.1579Vat.2
951 2946 1052 3000 cuiae
1067 2949 1113 3017 ΦΙ

92 3016 222 3084 preteriit
240 3033 256 3071 ε
276 3019 336 3071 Vat.
352 3021 406 3083 1,3
422 3017 520 3070 Char
543 3018 547 3085 Ι
566 3016 623 3087 me]
643 3023 705 3069 onte
724 3033 764 3084 pr.
779 3018 851 3067 Arc
869 3017 878 3083 ss
896 3022 911 3068 7
931 3014 1112 3089 magnarum]

91 3102 196 3157 magna
214 3091 238 3141 Δ
258 3089 266 3157 Η
285 3094 302 3141 9
320 3087 485 3158 producere]
504 3086 623 3156 prodere
640 3089 671 3139 Φ
689 3089 698 3155 t
716 3092 743 3138 11
762 3085 865 3154 premit
884 3101 901 3138 a
919 3089 999 3156 tergo
1014 3088 1110 3142 Herm.

92 3159 233 3230 Barbare]
248 3160 396 3227 premittat
406 3175 473 3229 ergo
485 3162 489 3228 l
501 3157 590 3212 obicit
599 3158 731 3228 Hermot]
747 3155 852 3210 obiciat
867 3160 875 3226 ll
889 3162 919 3209 1³
931 3161 1111 3232 exempdam]

92 3232 189 3283 exacte
203 3230 293 3300 B(d?)
315 3234 319 3299 Ι
340 3232 444 3284 sarciat
458 3230 576 3301 ΑΜΖ]
596 3229 719 3281 sarcinat
733 3230 780 3281 λΡ
798 3230 807 3296 t
825 3233 857 3280 14
875 3244 928 3281 rec.
947 3231 1020 3296 patr.
1036 3233 1110 3303 ΛΦ]

92 3304 164 3370 patr.
182 3318 236 3355 rec.
256 3303 265 3370 {l
283 3307 314 3354 15
334 3302 412 3373 cura]
431 3317 517 3355 causa
531 3301 605 3370 (ortt
621 3305 651 3369 B)
666 3304 690 3352 Δ
713 3304 716 3368 l
738 3297 805 3369 sibi]
824 3315 874 3351 om.
890 3300 913 3353 d
931 3301 940 3368 l
957 3306 989 3353 16
1008 3301 1109 3355 saltem

73 3373 201 3455 ulan]
221 3372 316 3427 saltim
337 3376 341 3442 Ι
361 3373 425 3443 fine]
447 3373 514 3444 fuge
532 3374 647 3426 PMcm.
676 3371 743 3439 fuge
761 3370 911 3438 impetud
939 3370 1047 3439 impetu
1066 3377 1110 3442 eu

88 3449 121 3496 -17
141 3443 238 3515 sacret]
258 3445 370 3500 Lucilio
387 3443 531 3514 respondet
548 3443 609 3498 Seu.
629 3461 670 3496 are
689 3443 791 3507 iudice,
810 3441 845 3507 cf.
860 3458 890 3508 p.
906 3445 981 3506 93‚1
1001 3450 1026 3496 et
1043 3445 1107 3509 fort.
