2408 3832
321 60 457 116 NATUR.
476 59 626 126 QUAEST.
646 60 712 116 nm.
732 59 778 115 Vl.
798 65 911 115 27-30.
1063 61 1128 124 229

106 207 256 292 privatus
280 228 317 272 cc
340 207 486 272 modicus
511 213 571 272 est:
595 206 685 290 quid,
709 207 765 270 ubi
787 206 915 290 publice
938 211 1050 290 terret,
1072 208 1129 272 ubi

107 297 230 362 cadunt
248 297 343 361 urbes
361 297 475 380 populi
489 297 716 380 opprimuntur
729 300 814 360 terra
830 295 1032 360 concutitur?
1051 297 1128 380 quid
1164 323 1166 326 ⁴

108 385 229 450 mirum
254 389 302 450 est
325 387 450 449 animos
477 386 562 449 inter
585 385 727 449 dolorem
756 389 789 449 et
811 389 934 449 metum
957 385 1127 450 destitutos

109 474 297 540 oberrasse?
323 495 389 538 non
413 479 461 538 est
484 475 578 538 facile
600 475 685 538 inter
707 496 824 560 magna
846 474 931 538 mela
954 476 1128 558 consipere.
1147 490 1162 538 2

82 564 221 647 sitaque
243 564 407 628 levissima
432 563 499 627 fere
523 564 653 648 ingenia
675 564 710 626 in
731 566 858 627 tontum
881 586 996 629 venere
1019 564 1128 628 formi-

109 653 205 737 dinis,
235 657 272 717 ut
302 653 365 717 sibi
395 652 584 718 exciderent.
636 673 730 716 nemo
762 653 890 734 quidem
922 655 991 716 sine
1020 653 1128 736 aliqua

109 742 234 807 iactura
264 742 410 806 sanitatis
440 742 577 825 expavit,
608 741 785 823 similisque
808 746 857 806 est
883 741 1019 806 furentis
1043 743 1127 824 quis·
1165 788 1168 794 -

110 832 183 915 quis
205 832 314 895 timett
338 829 392 894 sed
415 830 496 895 alios
515 832 579 895 cito
603 832 702 894 timor
720 831 781 894 sibi
799 831 912 914 reddit,
936 831 1016 894 alios
1034 831 1127 896 veho·

108 920 251 985 mentius
270 921 437 1005 perturbat
455 923 488 984 et
506 920 539 984 in
559 919 752 996 dementiam
770 920 931 985 transfert.
955 919 1028 984 inde
1042 920 1128 983 inter
1147 934 1162 980 3

68 1037 95 1076 ro
108 1009 195 1074 bella
218 1031 362 1074 erravere
386 1008 587 1092 lymphatici,
610 1031 669 1073 nec
698 1030 834 1092 usquam
865 1008 958 1092 plura
981 1008 1128 1093 exempla

108 1098 356 1162 vaticinantium
379 1099 532 1180 invenies,
551 1120 647 1181 quam
671 1099 727 1162 ubi
750 1098 889 1163 formido
913 1101 1036 1162 mentes
1055 1099 1128 1162 reli-

108 1188 206 1273 gione
229 1188 332 1251 mixta
353 1187 520 1270 percussit.

176 1275 229 1340 30.
254 1274 402 1340 Statuam
421 1276 556 1340 divisam
574 1297 642 1341 non
659 1277 767 1359 miror,
787 1298 859 1340 cum
880 1276 1014 1340 dixerim
1038 1298 1126 1341 mon·
1147 1291 1161 1338 1

107 1369 157 1430 tes
182 1387 201 1430 a
223 1366 388 1429 montibus
411 1366 579 1430 recessisse
604 1370 634 1429 et
660 1367 766 1449 ipsum
791 1366 972 1449 disruptum
996 1387 1064 1431 esse
1088 1367 1127 1430 ab

65 1481 92 1522 1⁶
107 1454 176 1518 imo
201 1453 314 1518 solum.

153 1579 234 1644 haec
256 1579 328 1645 loca
350 1580 383 1644 vi
406 1580 568 1663 quondam
593 1584 624 1643 et
647 1584 736 1644 vasta
760 1581 912 1645 convulsa
934 1580 1027 1643 ruina

155 1666 296 1750 (tantum
320 1669 390 1733 sevi
412 1668 590 1754 longinque
612 1669 698 1733 valet
720 1673 844 1734 mutare
867 1666 1023 1756 vetustas)

155 1756 332 1822 dissiluisse
354 1758 471 1842 ferunt,
496 1779 568 1823 cum
592 1759 739 1841 protinus
763 1763 900 1839 utreque
924 1751 1019 1822 tellus

153 1869 219 1910 una
241 1847 332 1912 foret.
370 1849 459 1911 venit
482 1848 607 1932 ingenti
628 1847 661 1910 vi
684 1850 803 1930 pontus
828 1851 859 1911 et
882 1849 996 1932 ingens
1079 1865 1081 1869 ·

61 1964 92 2004 ro
152 1935 347 2019 Hesperium
371 1934 480 2001 Siculo
504 1938 589 2001 latus
613 1936 750 2001 abscidit
773 1957 913 2018 arvaque
937 1939 969 2000 et
991 1935 1086 2000 urbes

154 2047 293 2108 aequore
316 2025 461 2089 diductas
485 2027 622 2110 angusto
646 2026 791 2089 interluit
814 2030 911 2089 aestu.

106 2150 198 2214 vides
216 2154 303 2214 totas
321 2151 468 2236 regiones
488 2173 507 2213 a
526 2151 591 2214 suis
611 2150 737 2213 sedibus
756 2149 868 2214 revelli
886 2153 918 2214 et
937 2154 1024 2213 trans
1039 2173 1126 2216 mare
1145 2163 1160 2211 2

107 2241 211 2303 iacere
235 2239 322 2322 quod
352 2238 387 2302 in
410 2239 549 2303 confinio
580 2239 695 2322 fuerat,
719 2238 806 2301 vides
838 2242 869 2302 et
896 2238 1026 2301 urbium
1055 2240 1127 2303 fieri

107 2327 319 2413 gentiumque
334 2327 517 2392 discidium:
536 2350 609 2392 cum
627 2350 702 2412 pers
720 2331 853 2391 naturae
868 2328 993 2392 concita
1008 2330 1126 2412 (ause)

62 2442 94 2484 rs
109 2419 160 2480 est
188 2416 309 2500 deesse,
339 2439 378 2481 ec
409 2416 517 2500 aliquo
546 2438 633 2481 mare
663 2417 772 2502 ignem
803 2417 952 2499 spiritum
981 2417 1126 2501 impegit,

179 2578 278 2656 les-⁴21
303 2574 378 2644 Verp.
398 2575 467 2628 Aen.
486 2575 543 2628 ΙΙΙ
558 2578 700 2628 414-419

179 2721 192 2767 1
210 2716 280 2784 quid
296 2717 339 2786 Φ]
359 2716 408 2784 qui
422 2718 470 2771 <51³
488 2718 568 2787 culpo
590 2720 593 2785 Ι
613 2716 674 2787 ubi]
693 2719 798 2771 tuncd
816 2720 825 2787 ΙΙ
843 2722 860 2769 8
880 2717 963 2789 dest]
983 2716 1126 2770 districtos

105 2787 191 2842 Krolt
213 2788 262 2856 ΙΙ4
287 2788 374 2859 cons]
401 2788 547 2857 concipere
570 2790 593 2842 d
620 2805 677 2841 non
703 2788 830 2858 desipere
852 2795 925 2859 ηΕΤ
952 2791 961 2858 ΙΙ
990 2794 1005 2840 8
1031 2788 1125 2860 timet]

104 2855 204 2911 timuit
225 2864 247 2910 B
269 2860 350 2929 wipo
376 2858 379 2930 Ι
405 2858 489 2912 timor
517 2859 572 2913 cito
600 2860 659 2914 coll.
683 2861 706 2914 δ
736 2861 740 2928 Ι
768 2860 863 2914 reddit
886 2860 1000 2931 δΕΚΤ]
1026 2859 1127 2914 reddet

104 2932 228 2982 uuor
255 2930 264 2998 ΙΙ
291 2934 323 2982 14
346 2928 505 2999 disruptum
524 2931 603 3003 λΙρΙ]
633 2931 684 2984 dir.
708 2932 802 2985 <592¹
829 2932 928 2985 durT
957 2934 965 3001 ΙΙ
992 2937 1022 2984 17
1051 2931 1125 3004 oevi]

104 3000 182 3055 enim
206 3001 229 3054 δ
252 3002 261 3070 ΙΙ
288 3006 319 3053 19
345 3001 454 3072 ingenti
475 3044 480 3055 .
501 3044 506 3054 .
527 3004 556 3055 et
580 3002 691 3072 ingens]
720 3002 812 3056 medio
834 3048 838 3058 .
860 3046 865 3057 .
885 3006 915 3057 et
939 3002 1024 3057 undis
1047 3003 1125 3074 Verp.

104 3072 182 3126 codd.
202 3072 211 3141 ΙΙ
229 3077 261 3124 21
280 3073 412 3144 aequore]
431 3072 515 3127 litore
531 3073 610 3144 'Vere
630 3073 706 3127 codd.
729 3076 733 3143 Ι
757 3074 897 3146 interluit]
920 3074 1058 3129 interfluit
1076 3075 1099 3128 d
1118 3077 1123 3144 Ι

105 3143 199 3214 aestu]
219 3142 278 3197 ictu
294 3147 326 3198 Φ
343 3145 352 3213 ΙΙ
370 3150 406 3197 24
426 3161 489 3198 cum
503 3176 537 3184 -
553 3150 587 3197 25
608 3143 716 3216 deesse]
735 3162 785 3199 om.
800 3150 879 3198 rull
894 3148 897 3215 Ι
919 3145 1040 3217 concito]
1061 3162 1126 3199 con·

105 3213 196 3268 cituts
214 3216 246 3279 d,
264 3215 328 3281 fort.
344 3215 470 3269 concitae
487 3216 533 3271 Ge.
557 3219 560 3284 Ι
581 3231 651 3269 susa
669 3217 733 3270 add.
751 3216 798 3271 Ge.
818 3219 826 3286 ΙΙ
845 3223 879 3270 25
900 3218 1008 3289 deesse]
1027 3234 1077 3272 om.
1094 3218 1126 3284 d,

105 3285 142 3340 de
161 3301 191 3339 se
209 3286 343 3354 Fortwn„
362 3303 377 3340 e
396 3287 463 3341 sede
483 3286 615 3358 Madoip,
634 3287 753 3341 excessit
771 3289 837 3354 Leo,
858 3289 984 3343 desaevit
1002 3290 1097 3343 Rossb.
1118 3289 1123 3358 Ι

105 3372 140 3442 ee
161 3356 277 3483 &deit
297 3360 301 3427 Ι
322 3358 411 3429 more]
437 3359 467 3412 in
485 3375 561 3412 more
580 3360 604 3413 δ
624 3359 628 3427 Ι
654 3357 785 3427 spiritum
802 3360 896 3431 culpo]
923 3360 1045 3429 spririt)u
1065 3361 1125 3429 ple·

103 3445 183 3497 nque
200 3445 231 3483 co
271 3471 276 3482 .
1068 3459 1071 3464 ·
