2408 3832
308 119 443 175 NATUR.
464 119 614 186 Qulxsx.
634 121 701 176 LIB.
720 121 779 177 VH.
799 127 877 176 5-7.
1039 125 1103 189 241

83 288 156 332 eum
187 267 262 350 niti,
285 269 380 332 donec
402 289 442 332 ex
465 267 574 350 aliqua
603 288 699 331 causa
722 268 836 331 refluat
858 290 968 332 rursus
997 291 1034 333 ac
1056 293 1104 335 re

82 358 240 439 mittatur,
273 356 387 421 deinde
420 357 537 421 iterum
569 357 718 439 proximo
747 357 797 421 die
826 379 864 423 ac
896 359 1103 440 sequentibus

83 467 276 530 consurgere
294 450 326 509 et
340 445 476 510 eundem
493 446 602 509 locum
621 446 833 510 inflammare:
852 446 997 511 videmus
1017 448 1102 512 enim

81 539 197 600 ventos
220 557 279 618 per
297 536 478 617 complures
503 534 570 598 dies
594 535 634 597 ad
658 536 869 600 constitutum
891 535 1008 620 redire,
1032 538 1103 620 plu-

57 625 306 707 rviaeiquoque
329 627 361 686 et
385 625 447 687 alia
472 627 699 707 tempestatum
723 645 840 709 genera
863 624 903 687 ad
926 628 1102 710 praescrip·

80 717 152 777 tum
175 714 398 777 revertuntur.'
445 717 482 777 ut
511 713 650 777 breviter
680 717 786 777 autem
809 714 1008 778 voluntatem
1032 716 1136 779 eiusa

81 804 274 886 exprimam,
297 802 407 866 eadem
437 802 508 865 fieri
529 803 653 866 ratione
681 801 740 866 hos
765 806 905 867 cometas
930 804 1101 887 existimat,

10 910 13 923 ·
82 913 146 974 qua
164 891 247 955 fiunt
265 893 355 977 ignes
374 891 502 956 turbine
521 892 628 955 eiecti:
651 892 714 955 hoc
732 911 832 955 unum
852 892 994 975 interest,
1013 894 1100 975 quod

81 980 130 1044 illi
160 979 305 1044 turbines
328 1003 368 1044 ex
391 981 549 1063 superiori
572 983 662 1063 parte
686 981 719 1043 in
743 983 843 1044 terras
868 980 1099 1065 deprimuntur,

43 1093 67 1134 io
80 1068 115 1133 hi
139 1069 178 1134 de
200 1073 286 1134 terra
309 1070 344 1132 in
366 1070 531 1152 superiora
554 1070 743 1133 eluctantur.

150 1158 177 1221 7.
201 1157 364 1222 Adversus
387 1158 466 1222 haec
488 1159 592 1222 multa
615 1158 771 1223 dicuntur.
813 1159 955 1241 primum
979 1160 1006 1222 si
1024 1179 1132 1225 ven-1

80 1251 131 1312 tus
155 1249 189 1312 in
213 1269 308 1312 causa
331 1251 423 1329 esset,
444 1268 622 1330 numquam
642 1251 781 1312 cometes
800 1249 868 1311 sine
887 1252 983 1312 vento
1003 1271 1099 1333 appa-

79 1341 175 1402 reret:
198 1358 285 1400 nunc
308 1341 415 1401 autem
439 1340 471 1400 st
495 1337 696 1420 quietissimo
715 1341 786 1400 e'e're
806 1340 945 1420 apparet.
985 1337 1098 1402 deinde

80 1426 107 1489 si
129 1430 227 1490 vento
256 1426 356 1508 fieret,
387 1447 461 1490 cum
483 1429 580 1490 vento
611 1426 749 1490 caderet:
780 1429 812 1489 et
843 1427 870 1489 si
892 1430 989 1490 vento
1020 1428 1098 1491 inci-

43 1519 179 1598 reperet,
208 1519 364 1580 cresceret
386 1518 481 1579 vento
513 1536 615 1599 eoque
646 1518 729 1578 esset
752 1514 922 1596 ardentior,
953 1537 1017 1597 quo
1042 1517 1097 1581 ille

79 1605 249 1670 incitatior.
287 1604 337 1668 his
362 1603 484 1669 accedit
506 1603 588 1668 illud
612 1624 748 1687 quoque,
761 1603 859 1686 ‘quod
876 1609 992 1669 ventus
1016 1607 1096 1670 mul·

79 1698 126 1758 tas
146 1694 227 1757 airis
251 1698 357 1777 partes
380 1694 528 1776 impellit,
552 1698 691 1757 cometes
714 1714 779 1756 uno
802 1694 874 1756 loco
895 1697 1041 1777 apparet,
1065 1699 1097 1759 et

10 1776 13 1857 ξ
77 1795 192 1848 ventus
216 1783 249 1845 in
273 1781 409 1846 sublime
432 1803 497 1846 non
520 1782 675 1865 pervenit,
698 1785 839 1846 cometae
864 1787 970 1846 autem
989 1785 1096 1846 visun-

10 1864 13 1877 '
77 1875 130 1935 tur
153 1894 250 1956 supra
274 1893 370 1955 quam
394 1873 439 1936 ire
463 1873 566 1935 ventis
589 1871 673 1936 licet.

43 1980 66 2022 a
144 1959 273 2024 Transit
297 1959 410 2025 deinde
434 1959 474 2023 ad
503 1961 586 2042 illos,
610 1981 690 2043 quos
715 1961 760 2024 ait
783 1960 951 2023 certiorem
975 1959 1128 2024 haberer

76 2051 242 2115 stellarum
277 2050 430 2133 speciem,
460 2051 517 2132 qui
546 2053 578 2113 et
611 2049 789 2133 procedunt
818 2053 851 2113 et
883 2050 975 2133 signa
1004 2072 1094 2132 prac-

75 2142 211 2204 tereunt.
260 2137 320 2203 hos
351 2139 396 2202 ait
425 2160 465 2201 ex
494 2138 595 2202 isdem
624 2139 727 2202 causis
757 2138 840 2220 fieri,
872 2137 987 2221 quibus
1019 2137 1092 2203 illos

74 2250 156 2312 quos
181 2227 262 2291 dixit
291 2227 488 2309 humiliores,
517 2226 580 2293 hoc
602 2232 710 2291 tamen
737 2227 898 2310 interesse,
923 2227 1009 2310 quod
1031 2231 1093 2291 ter-

73 2339 183 2382 rarum
206 2316 424 2381 exhalationes
451 2316 554 2380 multa
577 2337 685 2381 secum
710 2316 798 2379 arida
820 2316 957 2379 ferentes
981 2315 1092 2380 celsio-

38 2423 141 2472 urem
172 2410 283 2489 petant
312 2410 437 2489 partem
467 2409 499 2469 et
528 2406 562 2468 in
585 2405 721 2469 editiora
743 2404 823 2469 caeli
853 2405 1002 2488 aquilone
1025 2407 1092 2488 pel·

71 2494 189 2560 lentur.
235 2495 309 2578 (at)
336 2496 363 2558 si
393 2495 466 2558 illos
490 2495 598 2577 aquilo
629 2494 832 2578 propelleret,
862 2493 902 2556 ad
925 2494 1126 2559 meridiem3

147 2712 160 2758 l
181 2721 245 2760 eum
266 2706 325 2777 Ge]
345 2723 378 2759 ex
397 2708 421 2760 d
428 2709 472 2772 Φ,
491 2722 525 2760 ea
544 2704 663 2776 Medaiq
683 2707 687 2772 Ι
707 2704 770 2772 niti,
790 2705 878 2758 donec
899 2704 1027 2775 Madoip]
1047 2705 1090 2757 ni-

70 2776 133 2832 tido
146 2793 189 2832 ‘ne
208 2779 270 2847 (nec
284 2781 336 2847 11)
352 2779 422 2844 M),
442 2794 476 2831 ex
493 2775 594 2830 humili
614 2776 702 2831 donec
718 2777 834 2844 Koelerl
853 2774 965 2845 refluat]
985 2775 1090 2830 defluat

11 2912 14 2919 Ι
72 2850 121 2903 (ie.
141 2850 150 2918 ΙΙ
169 2854 186 2901 2
203 2848 342 2920 proximo]
361 2865 421 2902 ·ma
440 2850 463 2902 δ
480 2849 489 2917 l
508 2854 523 2900 7
544 2864 614 2901 com.
632 2847 683 2901 hos
702 2849 761 2902 coll.
781 2849 831 2916 (111
850 2852 865 2898 8
886 2845 981 2917 eiecti]
1003 2848 1090 2901 erecti

71 2920 182 2986 Koclcr,
199 2920 246 2974 scd
264 2922 297 2986 cf.
315 2921 359 2973 VI
368 2924 424 2987 2,6
441 2921 450 2988 ΙΙ
469 2925 486 2971 9
504 2918 643 2990 turbines]
663 2936 713 2974 om.
729 2921 752 2974 d
766 2919 855 2988 culpo,
873 2919 920 2972 ced
934 2919 968 2984 cf.
979 2934 1009 2987 p.
1024 2923 1089 2984 242,

70 2995 105 3054 9‚·
123 2995 178 3058 14‚·
199 2996 233 3046 17
248 2993 251 3059 l
269 2991 345 3061 depr.
366 2992 395 3044 in
414 2993 502 3044 terras
517 2992 575 3045 coll.
591 2991 636 3059 δΙΙ
651 2996 678 3042 11
692 2990 835 3060 dicuntur]
855 3006 889 3044 sc.
905 3007 924 3042 a
938 2991 1089 3044 Posidonio

69 3068 96 3120 ct
114 3064 288 3118 Artemidoro
306 3064 314 3131 ΙΙ
334 3068 363 3115 18
383 3063 490 3133 eutem]
514 3079 564 3116 om.
585 3064 608 3117 δ
626 3063 683 3130 l1⁵
702 3064 788 3116 uento
808 3062 945 3115 cresceret
965 3063 1023 3116 coll.
1039 3063 1062 3115 δ
1079 3063 1089 3132 ΙΙ

68 3133 176 3206 loliis]
195 3134 251 3188 huc
269 3136 293 3189 δ
313 3137 316 3203 l
337 3134 410 3187 illud
428 3134 551 3204 quoque]
571 3135 735 3201 0111111117
754 3133 964 3204 uncorxrz]
984 3133 1014 3185 in
1032 3149 1089 3186 uno

68 3207 191 3275 (mm
213 3207 222 3275 ΙΙ
245 3210 276 3258 18
298 3205 364 3276 uis]
391 3209 546 3259 nascuntur
565 3206 588 3258 δ
610 3207 619 3274 u
642 3209 673 3256 19
695 3204 789 3257 uentis
814 3203 856 3257 ire
884 3204 1088 3273 6011111011

67 3276 505 3348 21proe.]p=·a(qx)eedunto
529 3276 537 3345 Η
563 3281 598 3328 22
616 3275 707 3329 isdem
725 3276 758 3346 B]
785 3275 891 3328 eisdem
916 3276 924 3343 l!
950 3279 985 3326 23
1005 3276 1086 3345 quos]
1136 3281 1138 3286 '

67 3365 113 3404 om
140 3349 188 3418 dl
210 3347 293 3420 dixit]
316 3365 350 3403 ac.
372 3353 427 3415 6,1
450 3350 453 3418 l
473 3350 570 3401 tamen
589 3347 678 3417 ouo]
702 3348 814 3399 tantum
832 3348 841 3415 ΙΙ
860 3351 895 3399 24
914 3345 1087 3400 exalationes
1152 3397 1154 3402 .

67 3423 167 3492 mo
184 3421 194 3489 Ι]
213 3425 247 3472 25
266 3420 378 3490 petant]
401 3420 502 3488 petunt
520 3438 541 3492 ρ
561 3420 565 3487 Ι
586 3418 709 3501 partem]
733 3417 827 3472 locum
845 3418 869 3471 d
886 3418 948 3484 [126
968 3420 998 3470 at
1021 3416 1086 3470 add.

68 3490 133 3556 Ga,
152 3490 219 3544 andi
236 3508 319 3556 nunc,
340 3507 413 3561 quae
432 3490 569 3548 adversus
585 3489 664 3546 hanc
683 3488 828 3545 dicantur.
855 3488 926 3540 cdd.
937 3486 1024 3537 Gema

111 3586 226 3628 §mou
240 3600 368 3634 renuant.
385 3604 492 3640 euulsa.
507 3595 548 3637 cd.
563 3594 693 3638 (lorche.
926 3577 967 3622 ᾖ
