2408 3832
122 160 212 216 xxiv
527 163 734 219 PRAEFATIO

123 315 232 372 mirum
269 314 346 372 illud
386 314 603 375 numerationis
639 316 812 374 vetustioris
848 316 1008 393 vestigium
1042 317 1075 374 in
1112 309 1140 374 H

120 402 222 462 codice
246 404 360 479 optimo
384 406 626 478 servatumque
650 402 759 464 δεκάδα
783 403 819 462 ab
842 402 932 463 huius
962 404 1044 463 fonte
1067 405 1140 463 olim

123 493 249 551 afraissse
272 493 302 551 et
325 511 343 550 a
366 494 530 551 correctore
554 492 674 550 demum
703 492 735 551 in
761 492 919 568 plerasque
947 493 1139 568 subscriptio-

121 599 175 640 nes
202 581 320 640 illatam
348 599 410 640 esse
439 583 541 657 aperte
571 581 723 656 proditur:
737 585 739 589 ’
752 584 841 641 antea
869 582 947 640 enim
975 584 1042 641 octo
1073 584 1140 640 tan·

122 672 190 729 tum
207 668 278 728 libri
296 669 347 728 sed
366 669 454 730 aliter
467 670 607 730 collocati
625 661 744 750 (I-IV
752 690 779 745 a,
796 670 841 730 IV
848 663 987 752 b-VH)
1005 690 1140 729 numera·

122 758 242 833 bantur,
270 758 350 835 quod
377 761 409 819 in
437 759 599 834 archetypo
628 759 699 819 olim
727 759 842 818 factum
865 778 929 819 esse
952 760 1014 819 dixi
1041 751 1140 840 (Stud.

123 848 138 906 I
163 849 204 907 84
230 850 261 907 et
283 867 373 925 supra
396 869 424 924 p.
444 839 538 928 XXI).

191 990 240 1052 Sic
269 991 307 1050 ad
338 990 533 1066 archetypum
563 991 698 1050 codicum
724 1010 843 1051 reverso
871 992 946 1050 mihi
969 991 1027 1050 duo
1058 991 1141 1050 illius

122 1080 297 1158 apographa
320 1083 351 1138 et
373 1079 480 1155 stirpes
504 1079 542 1138 ab
571 1080 618 1140 his
646 1080 807 1156 pendentes
835 1080 908 1140 hoee
932 1083 1088 1140 stemmate
1112 1083 1143 1139 et

122 1169 253 1247 imagine
277 1171 346 1228 ante
370 1169 471 1228 oculos
494 1188 603 1244 ponere
626 1170 738 1245 placet:

164 1409 237 1446 saec.
538 1391 709 1461 archetypus
724 1391 848 1460 (I-IVa‚
862 1391 925 1459 lac,
944 1391 1107 1460 [Vb-VII)

163 1472 202 1527 IX

973 1684 1101 1740 lacunosi

211 1756 370 1810 ⁴.1-1t⁷e
549 1785 551 1789 ν
915 1772 941 1820 Α
972 1756 1101 1824 amre,

166 1828 204 1882 xl
259 1762 446 1974 s
871 1916 877 1933 .,
929 1827 1106 2007 Q-vn

244 2000 267 2051 a
398 2027 400 2031 «
444 1999 459 2050 e
632 1999 648 2045 e
1026 1973 1044 2025 d

552 2077 570 2129 Z
677 2076 728 2200 gol
749 2093 809 2202 arg
885 2077 952 2130 Itali

130 2410 132 2416 .
190 2352 251 2412 Ubi
274 2353 366 2415 verba
387 2352 420 2410 in
443 2351 594 2411 codicibus
623 2352 737 2411 tradita
760 2351 939 2428 discrepant,
970 2353 1143 2429 saepissime

122 2444 319 2543 integriorem
338 2442 426 2501 lectio
444 2444 588 2517 praestat,
606 2442 701 2500 multo
719 2442 818 2501 rarius
836 2443 980 2501 memoria
997 2441 1143 2501 librorum

71 2621 104 2682 Φ
125 2529 151 2592 Δ
176 2533 461 2698 cdirdrlrdldmgraviora
484 2611 583 2701 (Stud.
601 2619 634 2677 H
653 2611 710 2700 37)
733 2619 766 2678 in
785 2621 818 2679 Φ
840 2620 1034 2679 inveniuntur
1056 2620 1142 2680 haec:

123 2799 301 2873 1112‚1..
325 2799 605 2866 resumeretur,
660 2800 773 2857 mutio
796 2800 859 2858 siue
881 2801 941 2857 tctu
964 2801 1017 2858 cet.
1037 2797 1144 2858 omo

168 2891 227 2947 istu
248 2887 388 2946 aarum
411 2904 477 2945 cum
499 2884 604 2945 icturi

124 2977 221 3037 1133
264 2975 508 3049 quemadmoduu
551 2993 606 3033 ec·
661 2976 904 3049 quemadmodum
913 2978 1144 3050 interpretemur,

164 3064 607 3140 ploremus,quemudruoduru
705 3065 949 3138 quemadmodem
985 3066 1144 3138 ereptore-

128 3207 136 3216 ..
170 3158 400 3228 interpretemur,
444 3153 606 3226 quemad·
706 3171 781 3213 mus
805 3153 839 3214 Φ

170 3244 307 3303 modum
332 3258 512 3301 exoremus
535 3238 562 3301 Δ

127 3422 194 3487 alia.
215 3420 323 3483 menda
346 3420 420 3480 alibi
443 3413 541 3500 (saud.
559 3420 576 3479 Ι
596 3386 690 3497 itaq.
716 3422 766 3480 35.
794 3413 849 3502 77)
875 3423 1023 3499 congessi,
1046 3376 1144 3498 neque

114 3509 235 3584 derunt,
260 3528 341 3584 qnae
364 3508 473 3573 addere
495 3512 616 3586 possim.
