2408 3832
106 158 169 224 158
426 159 457 216 L.
475 158 618 214 ANNAEI
636 157 799 212 SENECAE

68 323 83 370 3
160 303 330 390 Ἔφορός
358 329 395 387 γε
423 306 488 389 μην
516 303 534 369 ὁ
562 307 740 386 Κυμαῖος
773 303 827 386 (fe.
842 308 906 368 108
922 305 962 369 F.
977 305 1023 371 H.
1040 303 1084 370 G.
1106 305 1129 368 1

97 417 131 477 qt.
145 397 225 477 263)
251 395 286 458 ἐν
305 404 343 480 τῇ
367 396 480 478 πρώτη
499 405 567 458 τῶν
587 395 743 478 ἱστοριῶν
766 408 872 477 φησιν
890 393 1013 478 ιἰραιδιν
1037 389 1125 459 εἶναι

101 486 184 557 κατὰ
211 485 317 567 φύσιν
344 484 406 565 τὴν
429 489 604 564 Αίγυπτου
631 480 685 546 καλ
714 480 784 546 κατ’
817 480 889 559 ἔτος
918 481 1125 568 ἐπειγομένης

103 573 196 648 ίλύος
218 573 283 636 ὑπὸ
307 581 368 636 τοῦ
391 575 519 636 Νείλου
543 577 804 654 στεναμοῦσθαι,
828 572 887 636 τὸν
911 568 948 636 δέ
971 572 1125 656 ποταμὸν

103 663 200 744 δίκην
229 662 366 746 ἱδρῶτος
394 662 476 724 κατὰ
498 661 557 724 τὸν
580 661 700 745 καιρὸν
722 669 782 725 τοῦ
809 661 977 745 καύματος
1006 659 1062 726 ἐπὶ
1086 663 1157 726 τίει

102 754 290 834 κουφότερα
312 748 367 814 uel
392 749 568 834 ἀραιότερα
592 760 776 834 καταρρεῖν.

67 857 84 904 4
170 839 252 904 ἀλλὰ
281 837 335 902 καὶ
366 839 622 921 Θρασυνίλκης
650 839 668 902 δ
699 839 844 915 Θάσιος
877 838 929 922 (ef.
953 838 1124 904 Posidonii

101 929 165 992 eell.
194 931 239 993 ed.
267 928 356 992 Bate
381 950 416 1010 μ.
440 932 483 992 98
515 933 543 991 a
574 927 685 992 Strabo
713 928 737 991 Ι
760 928 816 1004 21)
854 929 933 1004 τοὺς
971 927 1125 1011 ἐτησίους

103 1015 207 1101 φησὶν
231 1016 370 1094 ἐξωθεῖν
388 1018 447 1080 τὸν
461 1021 601 1081 Νεῖλον·
623 1026 681 1100 τῆς
699 1017 762 1101 νδιρ
778 1019 961 1093 Αἰθιοπίας
980 1017 1123 1100 ὑψηλοῖς

102 1108 191 1191 παρὰ
218 1107 258 1170 τὰ
285 1103 363 1170 καθ’
394 1107 477 1188 ἡμᾶς
511 1108 602 1190 ὄρεσι
630 1104 847 1187 διεζωσμένης
874 1105 1123 1191 ὑποδεχομένης
1135 1133 1157 1171 ω

101 1219 136 1259 τε
155 1197 212 1271 τὰς
230 1194 370 1278 νεφέλας
389 1196 470 1275 πρὸς
489 1206 556 1259 τῶν
576 1194 715 1277 ἐτησίων
735 1192 931 1275 ὠθουμένας
950 1193 1123 1261 ἐκδιδόναι

101 1281 302 1370 (ἐπιδιδόναι
326 1280 516 1368 coniecerim)
539 1285 599 1348 τὸν
621 1288 749 1348 Νεῖλον
772 1321 816 1330 -

169 1373 213 1449 ὡς
242 1373 297 1436 καλ
327 1371 606 1455 Καλλισθένης
637 1372 653 1436 δ
679 1372 999 1456 Περιπατητικὸς
1023 1373 1123 1456 (fni

102 1462 134 1527 S.
148 1461 188 1526 R.
202 1462 243 1525 A.
265 1485 296 1544 μ.
315 1463 372 1546 12)
398 1461 434 1525 ἐν
456 1469 502 1548 τῷ
521 1462 664 1548 τετάρτῳ
688 1464 807 1547 βιβλίῳ
830 1472 898 1526 τῶν
917 1459 1122 1545 Ἑλληνικῶν

104 1567 208 1635 φησιν
224 1549 343 1615 ἑαυτὸν
358 1548 880 1637 συστρατεύσασθαιἈλεξάνδρῳ
890 1557 936 1637 τῷ
946 1552 1122 1616 Μακεδόνι
1133 1575 1153 1616 a

101 1641 156 1704 nal
184 1643 367 1722 γενόμενον
395 1637 447 1703 ἐπὶ
475 1649 532 1722 τῆς
556 1641 738 1715 Αἰθιοπίας
767 1639 879 1724 εὑρεῖν
905 1638 966 1702 τὸν
995 1643 1121 1705 Νεῖλον

102 1727 134 1806 ἐξ
159 1728 306 1814 ἀπείρων
329 1730 464 1812 ὄμβρων
486 1726 555 1792 κατ’
580 1726 710 1811 ἐκείνην
728 1727 917 1811 γενομένων
936 1732 1121 1816 καταφερό-

101 1842 212 1901 μενον.

172 2101 210 2154 ad
228 2101 248 2172 β
267 2105 284 2154 5
303 2101 415 2154 Lucani
433 2101 531 2153 Plenus.
552 2099 583 2151 Χ
600 2103 658 2153 263
668 2116 737 2168 sqq:

207 2207 277 2257 quae
295 2190 346 2243 tibi
363 2188 492 2242 noscendi
510 2189 618 2253 Nilum,
638 2189 770 2255 Romane,
789 2188 890 2256 cupido
908 2194 953 2242 est.

209 2266 235 2313 et
252 2262 366 2315 Phariis
385 2261 528 2329 Persisque
546 2261 603 2326 fuit
623 2262 813 2328 Macetumque
831 2261 960 2329 tyrannis

150 2346 189 2385 mo
207 2333 338 2401 nullaque
356 2348 413 2384 non
431 2337 506 2384 aetas
524 2333 611 2385 uoluit
629 2332 751 2397 conferre
768 2331 874 2397 futuais

208 2404 345 2470 notitiam,
363 2403 410 2456 sed
428 2403 513 2456 uincit
531 2403 620 2456 adhue
639 2409 743 2456 νεοίατο
762 2402 867 2455 latendi

102 2493 162 2559 (ubi
175 2493 296 2546 Neronis
314 2493 414 2560 cupido
432 2493 479 2544 νῶι
497 2492 596 2559 respici
614 2492 702 2545 eodem
718 2492 810 2558 potuit
828 2490 905 2548 modo
920 2506 973 2559 quo
987 2509 1007 2544 ο
1021 2492 1124 2549 Seneea

106 2564 151 2617 VI
160 2567 188 2629 3,
203 2567 228 2617 3.
265 2570 369 2617 natura
388 2563 505 2617 latendi:
524 2564 557 2629 ef.
579 2563 608 2616 ἐν
627 2565 713 2634 βαθεῖ
731 2563 772 2615 uel
790 2562 820 2616 iu
839 2560 925 2633 βάθει
943 2561 964 2632 §
983 2567 1023 2631 9).

207 2668 328 2707 sanemus
346 2652 505 2706 Alexander
522 2669 624 2721 requm,
644 2669 721 2719 quem
740 2651 878 2719 Menqelis
896 2651 1004 2718 odorat,

207 2723 309 2778 inuidit
327 2723 396 2776 Nilo
414 2723 540 2791 misitque
557 2739 606 2789 per
623 2722 721 2775 ultima
742 2728 830 2775 terrae

207 2795 372 2863 Aethiopum
391 2795 476 2848 leotos.
514 2794 576 2847 illos
594 2793 751 2847 rubicunda
769 2794 874 2860 perusti

151 2879 190 2919 ιιι
208 2882 279 2919 eona
294 2867 355 2934 poli
372 2867 474 2919 tenuit.-
492 2865 592 2918 Nilum
610 2864 699 2917 uidere
718 2865 854 2918 calenum.

207 2939 280 2991 uenit
298 2938 335 2990 ad
354 2952 463 2991 occasus
481 2935 630 3002 mundique
649 2941 767 2989 extrema
786 2935 915 2989 Sesostris

207 3014 233 3062 et
249 3010 370 3063 Pharios
388 3024 486 3062 eureus
504 3023 597 3076 aequm
615 3007 761 3059 ceruicibus
780 3008 842 3076 eqit,

208 3087 270 3134 ante
289 3086 379 3133 tamen
397 3085 497 3133 uestros
516 3094 607 3131 amnes
626 3077 843 3145 Rhodanumque
862 3076 1026 3145 Padumque

208 3168 290 3219 quam
308 3152 409 3205 Nilum
427 3152 460 3205 de
477 3151 553 3216 fonte
572 3149 646 3201 bibit.
684 3164 800 3202 vesanus
818 3149 850 3200 in
868 3154 944 3201 ortus

150 3236 188 3276 280
209 3223 351 3292 Cambyses
371 3223 446 3292 lonqi
461 3222 579 3289 populos
594 3220 718 3286 peruenit
735 3219 773 3271 ad
791 3219 852 3272 aeui

207 3295 375 3362 defectusque
394 3295 481 3362 epulis
499 3299 524 3347 et
539 3297 637 3359 pastus
655 3290 734 3345 caede
752 3306 864 3344 suorum

207 3367 299 3436 iqnoto
317 3371 350 3432 te,
369 3365 443 3432 Nile,
461 3364 539 3419 redit.

101 3456 146 3524 (de
169 3457 218 3509 hoe
236 3472 353 3509 euuusu
375 3455 502 3508 historico
521 3451 635 3506 Senecae
653 3467 672 3502 a
690 3450 841 3503 Posidonio
864 3449 967 3504 tradito
990 3450 1025 3516 es.
1041 3450 1125 3508 Diels

81 3545 116 3597 μ.
131 3531 218 3599 19εη.
260 3527 437 3584 Callisthenes
455 3526 512 3596 fuit
530 3524 601 3578 inter
621 3523 719 3584 lectos.)
