2408 3832
101 158 143 222 76
419 156 447 210 L.
467 155 609 210 ANNAEI
627 154 790 211 SENECAE

100 304 188 386 quod
221 303 390 367 manifesta
420 302 541 367 ardoris
570 302 706 387 vestigia
735 301 905 384 imprimit,
937 300 1028 382 quod
1058 304 1119 365 aut

61 410 80 456 4
98 394 164 456 urit
182 396 237 455 aut
259 392 369 456 fuscat.
407 391 509 454 tribus
528 391 631 455 modis
650 391 728 454 urit:
752 393 807 453 aut
825 389 915 454 afflat
932 393 964 453 et
981 390 1049 453 levi
1067 391 1117 453 in-

99 482 181 545 iuria
211 480 310 544 laedit
342 485 397 543 aut
429 481 589 544 comburit
620 484 676 544 aut
707 479 859 544 accendit.
910 479 1020 542 omnia
1052 479 1135 543 ista.

98 573 197 633 urunt
215 569 270 633 sed
289 591 404 655 genere
423 573 455 633 et
478 569 573 633 modo
593 568 756 633 differunt:
781 568 1008 650 quodcumque
1029 589 1117 632 com-

99 659 230 722 bustum
254 663 314 741 est,
342 659 455 739 utique
478 662 510 722 et
535 662 642 722 ustum
666 662 727 741 est,
756 661 789 720 at
812 657 900 739 quod
922 660 1032 721 ustum
1056 662 1117 739 est,
1141 682 1154 723 a

64 763 79 809 s
99 769 165 810 non
183 748 297 829 utique
317 747 519 811 combustum
539 751 599 832 est,
618 747 695 811 item
716 746 803 829 quod
821 746 844 829 †
863 767 1033 811 accensum
1052 751 1117 811 est:

99 840 207 919 potest
239 836 323 899 enim
356 836 437 899 illud
469 837 539 919 ipso
572 837 708 901 transitu
741 836 825 920 ignis
857 835 981 899 ussisse.
1041 836 1117 917 quis

99 927 202 990 nescit
237 926 287 988 uri
325 925 454 1007 quidem
491 946 550 989 nec
586 925 708 1007 ardere,
744 924 828 988 nihil
857 928 963 988 autem
995 923 1117 1006 ardere,

101 1014 189 1096 quod
211 1035 277 1077 non
300 1017 332 1077 et
358 1013 489 1077 uratur?
534 1036 634 1077 unum
661 1013 724 1077 hoc
747 1014 895 1077 adiciam:
927 1016 1036 1095 potest
1059 1014 1117 1076 ali-

101 1102 180 1184 quid
203 1124 271 1166 esse
295 1103 497 1166 combustum
520 1123 579 1166 nec
603 1123 784 1185 accensum,
814 1105 921 1185 potest
944 1122 1116 1166 accensum
1130 1128 1154 1169 a

64 1207 169 1256 cesse
191 1212 251 1255 nec
274 1192 485 1255 combustum.
532 1212 617 1254 nunc
640 1191 680 1254 ad
710 1192 743 1255 id
772 1196 899 1255 transeo
923 1212 1026 1275 genus
1054 1191 1117 1254 ful-

100 1281 205 1361 minis,
225 1301 289 1361 quo
310 1281 373 1344 icta
391 1280 568 1364 friscantur3
586 1279 649 1344 hcc
668 1284 723 1344 aut
737 1281 899 1344 decolorat
918 1284 973 1342 aut
992 1280 1118 1343 colorat

101 1367 245 1455 (utrique
270 1368 506 1433 distinctionem
537 1391 626 1432 suam
656 1365 815 1454 reddam):
848 1369 1052 1432 decoloratur
1076 1369 1118 1449 id,

101 1459 192 1521 cuius
216 1459 305 1521 color
327 1459 467 1540 vitiatur,
489 1479 555 1521 non
578 1461 733 1543 mutatum
767 1459 928 1522 coloratur
951 1458 998 1539 id,
1026 1459 1117 1522 cuius

101 1547 164 1610 alia
186 1547 224 1609 fit
248 1568 344 1629 quam
368 1547 431 1609 fuit
452 1547 563 1628 facies,
591 1551 756 1628 tamquam
781 1547 926 1611 caerulea
948 1547 1001 1610 vel
1024 1548 1153 1632 nigras

100 1636 153 1699 vel
175 1635 301 1718 pallida.

66 1740 79 1786 1
167 1724 218 1787 41.
244 1723 332 1788 Haec
351 1724 454 1788 adhuc
472 1723 617 1788 Etruscis
640 1723 909 1808 philosophisque
933 1726 1119 1789 communia

101 1817 188 1877 sunt:
221 1814 255 1877 in
282 1814 339 1876 illc
364 1813 563 1895 dissentiunt,
588 1814 676 1895 quod
705 1814 841 1877 fulmina
864 1835 883 1876 a
905 1810 981 1877 Iove
1006 1813 1119 1879 dicunt

101 1903 188 1966 mitti
220 1907 252 1967 et
283 1906 347 1966 tres
380 1903 428 1966 illi
460 1903 627 1966 manubias
660 1903 744 1966 dant.
799 1903 917 1985 prima,
948 1906 985 1966 ut
1018 1903 1118 1985 aiunt,

101 1995 211 2056 monet
234 1995 266 2056 et
288 1993 415 2074 placata
438 1995 486 2056 est
510 1995 541 2055 et
571 1992 671 2074 ipsius
695 1990 782 2055 Iovis
807 1992 941 2055 consilio
966 1991 1152 2059 mittitur.»

101 2080 274 2144 secundam
305 2081 406 2143 mittit
433 2081 563 2162 quidem
586 2078 709 2163 Iupiter
739 2081 794 2145 sed
824 2103 863 2144 ex
891 2080 1019 2144 consilii
1048 2103 1117 2146 sen·

101 2171 210 2251 tentia,
235 2169 402 2233 duodecim
426 2170 511 2233 enim
536 2169 611 2233 deos
635 2170 782 2255 advocat3
805 2169 868 2234 hoc
891 2170 1015 2233 fulmen
1039 2169 1117 2234 boni

102 2258 226 2340 aliquid
255 2258 428 2340 aliquando
458 2259 549 2340 facit,
580 2259 635 2323 sed
664 2263 742 2323 tunc
766 2281 896 2342 quoque
926 2279 993 2322 non
1015 2260 1117 2341 aliter,

66 2362 199 2428 aquam
223 2352 260 2411 ut
282 2352 408 2412 noceat:
432 2371 472 2412 ne
495 2347 626 2431 prodest
650 2348 779 2430 quidem
803 2349 941 2432 impune.
988 2349 1116 2412 tertiam

173 2593 324 2664 lauderis]
351 2592 493 2647 arborisl
519 2596 522 2662 Ι
547 2593 682 2665 uestigia]
708 2594 827 2661 signaA
855 2596 858 2662 Ι
883 2592 971 2663 quod]
998 2609 1054 2660 quo
1076 2592 1118 2647 cel

101 2664 170 2730 quia
185 2664 230 2718 Ge.
248 2665 253 2735 Ι
270 2666 319 2717 aut
336 2663 394 2716 urit
412 2665 472 2735 aut]
491 2664 549 2717 urit
562 2666 587 2717 A
601 2667 611 2733 ΙΙ
624 2670 642 2717 2
655 2664 737 2735 urit:]
756 2665 813 2717 urit
827 2666 856 2719 et
874 2663 966 2717 fuscat
984 2666 1054 2733 end
1074 2663 1115 2734 at]

102 2736 133 2788 at
150 2752 206 2788 non
221 2751 302 2788 omne
315 2738 340 2789 A
362 2737 371 2805 ΙΙ
392 2741 408 2788 6
426 2736 493 2806 non]
509 2753 558 2790 our.
575 2739 598 2789 Δ
620 2738 624 2804 Ι
641 2736 727 2806 quod]
743 2737 806 2789 add.
821 2734 925 2805 gliscit,
943 2750 1000 2787 uon
1017 2734 1116 2803 utique

101 2804 193 2859 ethcc
212 2807 262 2860 Η
288 2809 363 2873 (uate
388 2807 463 2874 quis)
489 2808 531 2861 vel
555 2806 651 2875 gliscit
675 2823 727 2859 nec
752 2814 777 2861 et
801 2807 863 2861 dist.
890 2809 933 2859 est
958 2807 1063 2875 (potest
1082 2837 1115 2845 -

102 2876 214 2946 ussisse)
233 2877 297 2943 quis
313 2877 359 2932 Ge.
375 2879 413 2945 117
432 2877 536 2932 ussisse
550 2879 705 2948 BE(J)02]
724 2879 813 2932 unisse
828 2880 1001 2946 Amffll’t
1021 2881 1037 2929 8
1053 2877 1115 2944 qui·

102 2946 177 3018 dem]
215 2947 289 3015 quod
316 2954 336 3000 1³
378 2948 446 3016 quid
474 2950 566 3020 culco,
602 2950 741 3016 quaedam
770 2950 850 3018 quusi
881 2954 958 3002 εΗ
1005 2948 1113 3017 ictmt

101 3032 152 3071 nec
178 3019 216 3090 a]
243 3034 295 3072 nec
320 3021 385 3088 (non
411 3023 443 3088 B)
470 3020 614 3074 ardescere
639 3019 697 3073 ΕΡ
723 3023 732 3090 Η
759 3026 776 3073 9
802 3023 830 3074 et
848 3020 919 3090 ΒΦ]
947 3034 997 3073 ora.
1017 3022 1118 3087 ΔεΙΙ

101 3094 132 3141 10
155 3092 301 3159 potest-
320 3096 348 3143 11
371 3090 558 3162 combustum]
583 3107 634 3145 om.
654 3094 678 3145 A
705 3096 708 3162 Ι
733 3093 795 3162 nec]
822 3091 897 3158 quod
922 3108 978 3143 non
1004 3090 1042 3144 sit
1061 3092 1087 3144 A

101 3165 131 3211 17
145 3160 388 3233 philosophisque]
404 3165 433 3216 et
450 3161 626 3231 philosophis
640 3164 665 3215 Δ
680 3165 689 3231 l
702 3169 732 3216 12
747 3162 809 3234 illo]
827 3161 899 3215 illud
915 3164 947 3215 Φ
962 3162 967 3232 Ι
983 3160 1105 3215 fulmina

101 3230 243 3285 tulmenu
259 3233 263 3304 Ι
280 3247 297 3284 a
315 3232 377 3286 iove
391 3235 455 3304 AB]
474 3249 571 3288 novem
593 3237 597 3303 Ι
619 3232 1105 3305 dicunt]auteaioveA1119illi

101 3318 152 3357 cm.
167 3306 191 3357 Δ
206 3306 216 3373 ΙΙ
233 3308 269 3356 20
286 3303 388 3375 ipsius]
406 3305 463 3374 ipsi
481 3307 561 3374 Mat)
578 3304 716 3374 {consilio
735 3305 805 3359 iovis
823 3306 881 3359 coll.
897 3307 921 3358 Δ
940 3308 950 3373 ΙΙ
968 3309 999 3356 21
1018 3319 1117 3357 secun·

102 3372 168 3428 dam
186 3375 242 3446 Ez]
262 3376 415 3429 secundum
428 3378 437 3446 ΙΙ
451 3382 487 3430 22
505 3376 558 3429 hcc
576 3408 610 3416 —
630 3380 665 3429 24
684 3377 794 3447 noceat]
814 3392 864 3430 om.
880 3377 904 3428 Δ
922 3377 932 3444 ΙΙ
950 3380 985 3428 23
1005 3390 1117 3443 quoque

97 3446 210 3517 HM]
230 3453 391 3514 quaeque?
415 3447 528 3515 quando
546 3453 572 3500 Η
589 3449 598 3515 ΙΙ
616 3452 652 3501 24
670 3446 724 3518 Ne]
743 3453 830 3501 neclt
854 3446 912 3512 Qne
926 3448 951 3499 Δ
968 3448 972 3515 1
988 3445 1117 3519 impune]

84 3516 142 3569 sed
157 3535 215 3571 non
234 3518 355 3591 impune
372 3521 399 3575 A
783 3532 803 3587 ι
