2408 3832
319 172 455 227 Neron.
476 171 626 237 QUAEST.
646 172 778 226 111111.
799 178 912 226 26-27.
1063 173 1126 238 ‘227

105 319 252 405 Cyprum
272 320 374 384 ambit
392 320 494 383 altum
514 342 601 383 mare
620 323 652 383 et
670 319 778 404 agitat,
797 317 899 402 Tyros
919 322 951 383 et
974 320 1043 402 ipsa
1061 323 1128 384 tam

105 413 257 473 movetur
280 431 376 492 quam
401 409 542 472 diluitur.

176 496 247 562 Has
276 497 343 562 fere
376 519 489 562 causae
518 496 704 580 redduntur,
736 502 868 582 propter
900 519 979 580 quas
1011 502 1129 561 tremat

105 591 201 651 terra.
249 586 290 649 27
332 587 489 669 quaedam
517 591 626 650 temen
654 587 784 670 propria
812 587 846 649 in
874 586 937 650 hoc
965 585 1128 670 Campano
1148 605 1172 652 1.

78 680 201 744 smotu
229 675 382 739 accidisse
409 680 589 758 narrantur,
612 697 750 758 quorum
776 676 859 739 ratio
883 676 1043 739 reddenda
1072 680 1127 740 est.

173 763 329 830 Diximus
347 769 569 829 sexcentarum
585 765 693 828 ovium
713 786 843 850 gregem
859 765 1076 828 exanimatum
1094 766 1129 829 in

105 853 305 936 Pompeiana
327 855 467 939 regione.
512 875 579 918 non
602 858 663 936 est,
687 874 785 936 quare
811 853 874 918 hoc
897 858 990 937 putes
1015 854 1128 918 ovibus

106 944 172 1006 illis
200 943 316 1006 timore
340 943 500 1007 accidisse.
547 945 638 1007 aiant
665 944 748 1006 enim
772 944 874 1007 solere
896 947 971 1027 post
993 965 1128 1029 magnos
1148 964 1172 1009 1·

106 1037 266 1096 terrarum
294 1036 401 1096 motus
429 1032 646 1115 pestilentiam
674 1032 758 1114 fieri,
781 1053 840 1096 nee
864 1032 897 1096 id
925 1033 1042 1096 mirum
1072 1037 1127 1097 est.

67 1153 93 1190 1ο
107 1123 213 1184 multa
236 1122 322 1185 enim
346 1121 511 1185 mortifera
535 1122 570 1184 in
593 1122 658 1184 alto
682 1120 796 1184 latent:
820 1127 874 1184 adr
896 1122 975 1205 ipse,
999 1123 1054 1205 qui
1077 1124 1129 1186 vel

105 1215 266 1275 terrarum
292 1211 385 1293 eulpa
408 1212 460 1274 vel
487 1210 619 1296 pigritia
642 1213 673 1273 et
697 1213 825 1273 aeterna
848 1214 943 1275 nocte
966 1212 1134 1295 torpescit]

108 1300 216 1384 gravis
230 1299 453 1363 haurientibus
469 1304 525 1382 est,
539 1301 591 1364 vel
607 1303 775 1381 corruptus
790 1300 989 1363 internorum
1003 1301 1133 1386 ignium.

107 1389 198 1471 vitio,
219 1409 291 1452 eum
312 1411 328 1452 e
345 1389 445 1475 longo
466 1389 530 1453 situ
551 1389 685 1452 emissus
705 1391 761 1470 est,
784 1411 902 1471 purum
925 1388 1012 1454 hunc
1034 1391 1132 1473 liqui-

108 1477 251 1561 dumque
283 1479 424 1542 maculat
456 1500 494 1543 ac
525 1479 643 1562 polluit
679 1478 906 1561 insuetumque
938 1478 1127 1543 ducentibus

66 1597 91 1636 15
109 1567 260 1650 spiritum
294 1567 385 1631 adfert
417 1589 501 1631 nova
534 1588 650 1652 genera
680 1567 874 1630 morborum.
923 1568 1013 1651 quid,
1041 1568 1162 1651 quoda

108 1678 211 1739 aquae
235 1677 363 1739 quoque
391 1657 522 1720 inutiles
545 1657 796 1739 pestilentesque
824 1657 858 1719 in
882 1657 990 1720 abdito
1018 1658 1128 1741 latent,

108 1750 144 1808 ut
168 1767 248 1828 quas
272 1767 449 1828 numquam
472 1768 549 1809 usus
574 1748 728 1828 exerceat,
750 1767 928 1829 numquam
952 1768 1028 1809 eura
1051 1746 1128 1810 libe·

108 1835 175 1898 rior
199 1834 384 1899 everberet?
408 1856 532 1898 crassae
556 1835 665 1917 itaque
689 1838 721 1898 et
744 1836 834 1920 gravi
857 1835 994 1920 caligine
1012 1836 1129 1919 sempi-

107 1927 264 2006 ternaque
286 1928 390 1988 tectae
412 1923 495 1987 nihil
517 1925 581 1987 nisi
604 1923 792 2007 pestiferum
817 1925 852 1987 in
875 1946 909 1987 se
933 1929 964 1988 et
988 1925 1128 2008 corpori-

64 2043 92 2081 20
108 2012 169 2076 bus
197 2013 316 2076 nostris
345 2014 540 2077 contrarium
564 2013 692 2077 habent.
733 2018 786 2076 111
809 2034 946 2096 quoque,
970 2014 1026 2096 qui
1048 2015 1128 2077 mix-

107 2105 161 2165 tus
182 2104 230 2165 est
249 2102 313 2164 illis
333 2102 453 2184 quique
471 2103 556 2166 inter
573 2103 645 2166 illas
669 2101 802 2186 paludes
826 2103 917 2184 iacet,
937 2124 1010 2167 cum
1031 2125 1128 2167 emer-

108 2191 159 2273 sit,
182 2191 381 2254 lateritium
406 2214 499 2255 suum
519 2192 642 2277 spargit
661 2196 693 2256 et
711 2191 894 2255 haurientes
913 2195 1015 2255 necat.
1052 2191 1163 2273 faci-4

106 2281 169 2344 lius
194 2283 302 2343 autem
325 2301 442 2362 pecora
466 2282 617 2364 sentiunt,
641 2281 675 2344 in
698 2302 779 2363 quae
802 2281 1001 2364 pestilentior
1024 2281 1127 2345 incur-

106 2391 177 2432 rere
205 2370 302 2452 solet,
325 2391 389 2452 quo
414 2370 557 2434 avidiore
585 2374 673 2433 sunt:
702 2374 812 2453 aperto
837 2370 924 2434 caelo
950 2370 1126 2452 plurimum

62 2488 91 2526 11
106 2461 244 2522 utuntur
267 2462 299 2522 et
322 2459 425 2542 aquis,
446 2481 582 2542 quarum
605 2460 746 2522 maxima
768 2459 804 2522 in
826 2459 1009 2541 pestilentia
1034 2459 1128 2543 culpa
1167 2486 1170 2492 ·

108 2551 164 2611 est.
211 2568 286 2611 oves
309 2569 385 2611 vero
409 2549 567 2612 mollioris
591 2552 738 2631 naturae,
761 2569 824 2629 quo
854 2549 1005 2630 propiora
1033 2550 1127 2612 terris

106 2637 216 2701 ferunt
240 2637 359 2719 capite,
388 2642 550 2721 correptas
575 2659 643 2702 esse
670 2659 737 2702 non
764 2637 873 2718 miror,
901 2658 974 2700 cum
998 2637 1127 2701 afflatus

107 2726 189 2790 aeris
221 2724 282 2790 diri
312 2726 396 2790 circa
425 2727 529 2810 ipsam
559 2725 694 2790 humum
726 2726 916 2809 exceperint.
964 2727 1127 2790 nocuisset

105 2814 162 2878 ille
186 2819 218 2878 et
241 2815 440 2898 hominibus,
469 2817 496 2879 si
524 2817 626 2881 maior
654 2816 784 2899 exisset3
813 2815 868 2878 sed
896 2815 988 2878 illum
1013 2816 1128 2880 sinceri

178 2977 192 3022 1
206 2970 340 3043 Cyprum]
356 2972 450 3041 ciprus
465 2975 512 3027 (51²
530 2975 533 3042 ]
549 2973 642 3043 agitat
658 2972 718 3044 Ge]
734 2972 861 3040 agitatur
874 2974 883 3041 ]
896 2977 914 3025 2
928 2970 990 3043 dil]
1010 2971 1128 3027 alluitur

105 3043 243 3108 Skutsch]
257 3044 410 3115 4propria]
424 3044 538 3113 proprie
548 3047 571 3098 d*
580 3046 589 3113 Ι]
599 3050 615 3097 6
626 3044 748 3097 diximus
758 3061 793 3098 sc.
805 3047 853 3110 1,3
862 3044 923 3114 Ge]
938 3044 1019 3098 aiunt
1033 3045 1108 3098 enim
1118 3049 1126 3112 ΙΙ

105 3122 121 3168 ’1
137 3114 251 3185 ouibus]
266 3114 369 3183 quibus
383 3117 404 3168 λ
418 3118 427 3184 Ι]
441 3121 457 3167 8
473 3116 553 3169 aiunt
567 3116 640 3168 enim
658 3115 719 3187 Ge]
734 3115 855 3169 diximus
872 3115 876 3187 1
892 3117 1086 3240 magnoskom.
1102 3124 1128 3171 et

104 3188 199 3240 motus
213 3187 287 3240 11111
297 3188 355 3241 coll.
366 3189 389 3241 ό·
399 3188 444 3256 1111
458 3189 540 3241 noete
555 3188 719 3241 eternacoll.
730 3205 750 3260 ρ
760 3189 809 3255 ]12
819 3187 874 3258 est]
889 3188 1000 3242 111161.
1040 3190 1105 3243 eset.
1117 3193 1126 3258 ΙΙ

105 3263 136 3310 13
153 3275 217 3312 cum
233 3275 248 3311 e
262 3259 320 3331 ra]
336 3276 399 3312 cum
414 3259 598 3329 1110111111
613 3258 845 3329 pestilentesque]
861 3263 947 3326 atque
961 3259 1125 3327 pestilentes

105 3332 130 3385 d
142 3333 152 3400 ]
165 3335 196 3382 17
206 3346 247 3382 us.
259 3345 300 3383 ex.
311 3330 475 3400 numquam]
491 3347 540 3384 om.
552 3331 575 3384 d
587 3332 591 3400 ]
607 3329 655 3383 lib.
666 3346 735 3383 aura
749 3331 806 3384 coll.
818 3331 841 3383 d
855 3332 908 3399 ]19
923 3330 952 3382 in
967 3331 1008 3400 se]
1024 3347 1074 3384 om.
1085 3334 1107 3385 d·
1117 3334 1125 3401 1]

105 3407 138 3454 21
162 3400 279 3526 quiquq]
303 3401 352 3468 qui
376 3402 405 3454 et
423 3418 443 3472 ρ
464 3405 468 3470 ]
489 3401 614 3472 emersit]
642 3401 825 3473 emerserito
850 3403 858 3469 ]]
887 3405 921 3453 23
948 3400 1126 3469 pestilentior

106 3477 154 3541 (se.
175 3476 233 3539 ot'r)
282 3473 315 3542 1.]
335 3472 499 3541 pestilentia
517 3474 526 3542 Ι]
545 3479 578 3526 27
599 3473 706 3544 ferunt]
724 3474 812 3526 acad
833 3475 1006 3541 lcorreptas
1021 3474 1139 3537 111111

105 3547 253 3619 corruptas
264 3545 339 3616 Ελρ
351 3545 363 3614 l]
378 3549 414 3597 2⁸
435 3544 522 3618 circa]
543 3562 595 3602 om.
611 3547 633 3601 d
647 3546 662 3618 ]
676 3551 715 3600 11
732 3544 804 3617 ille]
818 3550 886 3599 11111
898 3541 930 3595 11
940 3544 961 3593 o
973 3539 1079 3607 11111
1087 3539 1158 3584 m

947 3625 1003 3677 its*
