2408 3832
116 137 187 202 [200
389 189 392 194 ,
441 138 471 192 L.
490 136 633 194 ANNAEI
652 137 817 192 SENECAE

86 300 100 347 1
188 283 217 346 4.
256 281 452 358 Quaeramus
477 306 568 369 ergo,
592 283 670 366 quid
693 285 748 368 sit,
777 284 864 366 quod
886 287 1005 348 terram
1029 283 1070 346 ab
1095 284 1144 347 in-

121 374 198 437 fimo
222 376 364 455 moveat,
388 373 474 454 quod
497 374 580 437 tanti
607 374 725 437 molem
749 373 900 456 ponderis
923 375 1037 457 pellat,
1062 373 1143 455 quid

121 462 163 525 sit
186 462 243 525 illa
264 463 432 545 valentius,
456 463 543 545 quod
565 466 691 526 tantum
716 484 796 526 onus
821 462 853 526 ri
879 485 936 526 sua
958 463 1142 544 labefactet,

122 574 179 616 cur
197 550 292 614 modo
313 554 437 633 tremat,
461 552 557 615 modo
576 552 684 614 laxata
703 552 857 634 subsidat,
875 572 961 615 nunc
979 552 1014 614 in
1031 555 1142 635 partes

121 640 233 704 divisa.
253 640 396 704 discedat
426 643 458 705 et
488 643 565 705 alias
596 642 800 704 intervallum
830 642 942 704 ruinae
975 662 1050 704 suae
1085 641 1142 704 diu
1170 665 1182 704 5

121 733 233 811 servet,
257 730 334 793 alias
359 730 422 793 cito
447 731 646 813 comprimat,
669 752 756 794 nunc
780 753 888 794 amnes
907 729 1141 814 magnitudinis

120 823 216 883 notae
240 822 405 883 convertat
427 820 615 902 introrsum,
638 841 725 883 nunc
747 841 849 882 novos
873 820 1040 902 exprimat,
1068 841 1142 902 ape-

119 909 183 972 riat
206 909 377 991 aliquando
398 929 552 991 aquarum
577 909 750 972 calentium
769 931 875 988 venas,
899 908 1073 990 aliquando
1091 931 1141 973 re-

120 997 265 1083 frigeret,
293 998 450 1082 ignesque
476 1019 719 1080 nonnumquam
747 1020 806 1081 per
831 997 962 1079 aliquod
989 998 1139 1082 ignotum

121 1091 214 1152 antea
227 1087 346 1150 montis
361 1090 417 1150 aut
429 1088 519 1170 rupis
534 1087 679 1150 foramen
697 1089 832 1169 emittat,
852 1086 1024 1169 aliquando
1043 1090 1139 1150 notos
1155 1110 1179 1150 ro

121 1180 153 1239 et
175 1198 233 1258 per
255 1175 382 1239 saecula
404 1176 529 1240 nobiles
554 1177 752 1258 comprimat.
791 1177 880 1240 mille
898 1177 1054 1240 miracula
1072 1197 1140 1239 mo-

119 1267 173 1328 vet
200 1264 379 1346 faciemque
406 1268 508 1328 mutat
536 1265 616 1328 locis
645 1269 677 1329 et
705 1266 806 1329 defert
834 1269 972 1346 montes,
1002 1265 1141 1349 subrigit

120 1355 225 1436 plana,
243 1354 342 1417 valles
358 1354 533 1433 extuberat,
552 1376 651 1417 novas
666 1355 701 1417 in
720 1354 879 1436 profundo
895 1355 1016 1417 insulas
1031 1354 1140 1438 erigit:

85 1455 100 1502 2
120 1441 199 1506 haec
216 1443 386 1524 exquibus
403 1444 506 1507 causis
521 1443 674 1525 accidant,
690 1443 850 1528 dignares
866 1444 980 1508 excuti.
1016 1443 1140 1525 ‘quod',

120 1530 241 1613 inquis,
271 1531 343 1596 ‘erit
369 1532 509 1614 pretium
534 1531 680 1615 operae?
715 1554 779 1616 quo
802 1535 928 1596 nullum
953 1533 1057 1596 maius
1082 1536 1139 1615 est,
1156 1555 1178 1595 u

119 1641 214 1684 nosse
246 1623 402 1684 naturam.
448 1624 552 1704 neque
585 1622 669 1686 enim
704 1623 877 1705 quicquam
909 1622 1009 1686 habet
1041 1622 1076 1685 in
1106 1645 1140 1686 se

119 1709 216 1773 huius
239 1710 391 1774 materiae
414 1711 561 1775 tractatio
586 1711 766 1793 pulchrius,
794 1733 867 1775 eum
892 1712 995 1775 multa
1021 1711 1141 1774 habeat

119 1799 229 1862 futura
258 1799 343 1882 usui,
375 1821 471 1882 quam
503 1800 589 1881 quod
622 1800 787 1864 hominem
817 1800 1058 1885 magnificentia
1089 1801 1141 1864 sui

121 1887 242 1952 detinet
264 1909 323 1952 nec
346 1889 491 1953 mercede
515 1889 570 1951 sed
591 1889 746 1952 miraculo
767 1890 891 1953 colitur.
929 1889 1139 1973 inspiciamus

120 1997 211 2062 erga,
240 1977 317 2058 quid
345 1977 400 2059 sit,
431 1978 674 2061 propterquod
703 1977 783 2042 haec
811 1978 970 2042 accidant:
999 2001 1139 2061 quorum
1155 2002 1179 2040 ro

120 2065 199 2130 adeo
228 2070 276 2130 est
298 2065 379 2129 mihi
403 2066 505 2130 dulcis
529 2067 700 2150 inspectio,
727 2071 766 2131 ut
789 2068 934 2149 quamvis
964 2068 1140 2150 aliquando

120 2154 159 2219 de
187 2158 278 2218 motu
311 2158 467 2220 terrarum
494 2157 646 2220 volumen
678 2157 801 2220 iuvenis
830 2157 997 2239 ediderim,
1030 2161 1141 2221 tamen

120 2247 276 2326 temptare
304 2267 356 2308 me
384 2245 541 2310 voluerim
570 2249 602 2309 et
630 2247 779 2328 experiri,
807 2245 878 2328 <si>
901 2250 986 2310 aetas
1016 2247 1141 2329 aliquid

120 2334 213 2396 nobis
233 2333 342 2397 autad
357 2333 523 2398 scientiam
538 2339 593 2398 aut
608 2337 692 2399 certe
707 2335 746 2398 ad
763 2335 963 2420 diligentiam
979 2336 1138 2400 adiecerit.

86 2435 99 2481 1
187 2421 216 2485 5.
251 2420 396 2505 Causam,
421 2445 485 2506 qua
503 2427 588 2487 terra
607 2425 797 2501 concutitur,
821 2425 877 2487 alii
899 2426 934 2487 in
957 2446 1042 2506 aqua
1062 2447 1139 2509 esse,
1154 2448 1179 2487 25

120 2512 176 2575 alii
199 2512 234 2575 in
256 2512 399 2597 ignibus,
423 2513 478 2577 alii
501 2514 536 2576 in
558 2513 629 2595 ipsa
651 2517 748 2594 terra,
772 2514 827 2576 alii
850 2515 885 2576 in
908 2514 1024 2596 spiritu
1047 2518 1139 2597 puta-

119 2605 248 2684 verunt,
277 2602 332 2664 alii
356 2602 390 2665 in
412 2602 573 2685 pluribus,
602 2603 657 2666 alii
680 2603 715 2666 in
738 2603 888 2667 omnibus
913 2601 978 2686 his,
1007 2603 1138 2686 quidam

191 2780 294 2828 14-20
312 2777 347 2842 cf.
367 2777 473 2830 Aetnae
492 2795 515 2830 c.
529 2781 586 2832 222
595 2795 650 2848 sqq.

440 2848 587 2903 immanes
606 2850 683 2904 labor
696 2856 742 2914 est,
760 2849 807 2904 aed
820 2848 920 2916 fertilis
938 2850 1025 2915 idem;

333 2918 421 2989 dique
440 2919 592 2975 laborantis
609 2922 772 2988 respoudeat
785 2921 913 2990 proemia
930 2923 1018 2975 curia.-
1033 2963 1038 2974 .
1055 2964 1060 2975 .
1078 2964 1083 2976 .

238 2991 318 3056 (225)
337 3007 414 3044 cosae
431 2990 512 3056 fidem
529 3008 621 3046 reram
639 2993 791 3062 dubiasque
808 2993 949 3060 exquirere
967 3009 1067 3048 causae
1087 3035 1092 3048 .
1113 3035 1119 3046 .

191 3154 207 3201 3
227 3149 284 3220 on]
302 3148 392 3203 honus
412 3151 459 3202 λΕ
473 3151 482 3217 ΙΙ
500 3155 517 3202 4
536 3151 620 3206 modo
638 3153 753 3224 tremat]
771 3155 875 3207 tremat
893 3153 921 3206 et
940 3154 1015 3222 (2117
1034 3153 1136 3231 nouos]

119 3219 200 3274 inuos
215 3222 236 3273 λ
252 3221 256 3291 l
273 3222 361 3345 exprq
376 3221 448 3290 inpr.
458 3226 475 3273 J
480 3221 517 3274 1Κ
536 3239 640 3291 compr.
651 3225 675 3278 d
688 3225 697 3291 ΙΙ
710 3230 742 3276 12
757 3223 859 3295 defert]
874 3223 970 3277 differt
984 3226 1007 3279 δ
1021 3227 1030 3293 ll
1043 3230 1075 3277 14
1090 3229 1135 3296 ex]

119 3309 169 3346 om.
186 3294 208 3345 d
224 3295 228 3360 Ι
244 3293 301 3376 res]
316 3309 345 3346 es
373 3293 436 3346 add.
452 3294 475 3347 δ
489 3295 498 3362 ΙΙ
511 3298 542 3347 16
557 3294 721 3366 quicquam]
734 3313 755 3349 a.
771 3297 787 3348 l.
803 3297 826 3350 δ
839 3300 848 3362 ΙΙ
862 3300 893 3348 18
906 3296 983 3367 usui]
1003 3296 1078 3349 uisui
1093 3298 1114 3349 λ
1131 3300 1134 3364 Ι

119 3362 193 3417 hom.
208 3382 243 3417 m.
260 3364 314 3432 sur]
331 3380 426 3418 omnes
442 3365 484 3417 sui
499 3383 535 3420 m.
546 3366 570 3419 d
583 3368 592 3435 Η
605 3371 637 3418 21
652 3367 705 3438 est]
719 3372 784 3434 poet
797 3366 887 3420 duleis
902 3368 926 3421 d
939 3370 948 3435 ΙΙ
963 3373 998 3420 22
1012 3367 1123 3420 iuuenis

116 3442 183 3490 ante
193 3435 228 3488 de
237 3454 272 3489 m.
284 3437 307 3490 δ
314 3435 428 3490 Skutsch
441 3438 450 3504 ss
464 3442 499 3489 22
508 3438 566 3508 me]
576 3444 641 3506 post
654 3437 775 3507 experiri
784 3440 808 3492 d
812 3437 928 3493 Skutsch
944 3444 947 3507 Ι
965 3438 988 3491 si
1001 3438 1048 3493 Ge.
1058 3439 1122 3492 cdd.

102 3520 142 3558 en
148 3506 239 3581 fflssss
245 3511 269 3560 Δ
290 3525 355 3564 eum
371 3509 405 3578 3¹
423 3525 460 3565 an
480 3525 545 3565 cum
559 3507 590 3576 ς’
609 3525 647 3563 au
659 3511 739 3582 calqo
753 3512 765 3580 ll
776 3515 811 3564 24
831 3514 880 3564 aut
892 3511 987 3580 prius]
1000 3527 1050 3564 om.
1066 3512 1089 3565 ὁ
1095 3515 1137 3562 ss·
