2408 3832
131 174 195 239 246
449 173 480 228 L.
499 173 642 228 ANNAEI
661 173 824 229 SENECAE

131 320 233 386 crines
258 324 313 383 aut
336 321 371 384 in
393 321 546 385 interiora
563 320 788 411 reductosaut
810 321 844 384 in
865 321 966 385 latera
985 320 1151 386 demissos.

131 409 186 474 sed
217 410 284 472 sive
317 414 393 474 sunt
426 411 551 494 aliquae
584 409 781 474 differentiae
814 410 945 474 illorum
982 411 1051 474 sive
1083 433 1152 475 non

131 501 219 581 sunt,
248 498 359 562 eadem
387 499 469 563 fiant
497 500 621 563 ratione
650 520 778 564 necesse
808 503 857 563 est
881 504 1039 564 cometae:
1068 499 1152 564 illud

130 609 230 650 unum
261 591 405 652 constare
436 588 543 670 debet,
574 592 700 672 praeter
732 587 864 652 solitum
897 588 999 671 aspici
1031 610 1150 653 novam

131 676 243 741 sideris
266 676 381 742 faciem
406 678 489 744 circa
512 700 546 742 se
570 677 760 760 dissipatum
783 678 891 763 ignem
915 676 1084 742 trahentis.
1178 704 1189 744 s

97 782 110 829 1
200 766 249 828 12.
274 765 470 842 Quibusdam
495 768 702 849 antiquorum
725 766 805 831 haec
827 766 933 849 placet
955 766 1053 830 ratio:
1077 787 1151 831 cum

131 876 170 918 ex
194 855 295 919 stellis
319 856 497 920 errantibus
522 856 621 919 altera
647 878 680 919 se
704 856 796 919 alteri
819 856 990 939 applicuit,
1014 855 1151 920 confuso

131 945 166 1007 in
179 966 279 1009 unum
294 946 428 1009 duarum
442 946 564 1009 lumine
578 945 675 1008 facies
690 944 846 1030 longioris
861 944 974 1009 sideris
992 944 1152 1028 redditur;

129 1054 190 1098 nec
212 1033 274 1099 hoc
298 1038 375 1099 tunc
398 1038 524 1097 tantum
548 1035 662 1117 evenit,
681 1054 753 1096 oum
774 1032 867 1098 stella
885 1034 1012 1097 stellam
1032 1034 1152 1119 attigit,

132 1121 187 1187 sed
210 1123 306 1187 etism
326 1145 399 1186 cum
418 1124 701 1207 appropinquavit:
726 1121 930 1187 intervallum
949 1123 1045 1206 enim,
1065 1123 1153 1207 quod
1169 1150 1192 1189 io

131 1211 216 1275 inter
238 1212 316 1276 duas
347 1216 404 1296 est,
434 1213 614 1276 illustratur
638 1212 677 1276 ab
701 1215 836 1295 utraque
868 1211 1153 1295 inflammaturque

97 1304 165 1364 aet
187 1299 320 1384 longum
345 1303 452 1386 ignem
472 1302 580 1366 efficit.
617 1300 668 1364 his
692 1301 774 1364 illud
791 1300 1068 1384 respondebimus,
1088 1322 1155 1366 oer-

132 1392 202 1452 tum
226 1410 293 1453 esse
324 1411 493 1455 numerum
524 1390 689 1455 stellarum
713 1389 892 1473 mobilium,
916 1391 1019 1454 solere
1043 1394 1153 1454 autem

133 1477 244 1543 eodem
274 1481 417 1562 tempore
448 1483 480 1542 et
508 1479 566 1543 has
598 1501 750 1563 apparere
774 1483 806 1542 et
835 1482 991 1561 cometen,
1023 1501 1064 1542 ex
1087 1500 1153 1562 quo

132 1567 339 1631 manifestum
368 1568 406 1631 fit
435 1590 502 1632 non
530 1569 659 1633 illarum
693 1567 781 1632 coitu
812 1567 883 1632 fieri
916 1572 1064 1632 cometen
1096 1567 1152 1633 sed
1167 1595 1190 1633 15

97 1672 113 1720 3
132 1657 299 1740 proprium
322 1678 391 1721 esse
414 1661 446 1721 et
464 1658 515 1721 sui
533 1659 621 1721 iuris.
654 1658 837 1721 etiamnunc
855 1655 1040 1738 frequenter
1060 1657 1154 1721 stella

133 1745 193 1809 sub
223 1746 346 1809 altioris
378 1747 488 1810 stellae
517 1747 690 1831 vestigium
720 1746 821 1810 venit:
852 1749 884 1809 et
907 1743 1066 1810 Saturnus
1096 1745 1152 1809 ali-

133 1834 260 1916 quando
285 1857 382 1918 supra
403 1833 513 1900 Iovem
537 1839 640 1900 estet
663 1835 748 1899 Mars
767 1833 926 1899 Venerem
950 1839 1006 1898 aut
1028 1833 1151 1900 Mercu-

132 1924 217 1987 rium
239 1928 327 1988 recta
349 1924 434 1989 linea
453 1925 597 2008 despicit,
620 1946 679 1988 nec
697 1928 805 1988 tamen
823 1928 957 2008 propter
974 1924 1064 1988 hunc
1083 1925 1151 1988 illo-

132 2035 205 2076 rum
229 2033 434 2096 concursum,
457 2035 531 2078 cum
555 2015 635 2078 alter
658 2014 793 2077 alterum
817 2013 914 2095 subit,
938 2017 1079 2078 cometes
1101 2013 1150 2096 fit3
1163 2038 1182 2076 es

134 2102 278 2185 alioquin
307 2103 399 2166 annis
423 2103 573 2167 omnibus
603 2103 708 2185 fieret,
731 2103 880 2166 omnibus
909 2103 995 2166 enim
1025 2102 1150 2186 aliquae

99 2192 245 2255 tutellae
268 2191 303 2254 in
325 2192 436 2256 eodem
461 2193 553 2277 signo
578 2192 675 2256 simul
698 2196 780 2256 sunt.
814 2192 842 2255 si
865 2195 1012 2256 cometen
1033 2190 1150 2256 faceret

135 2281 229 2344 stella
263 2280 373 2345 stellae
411 2283 651 2365 superveniens,
688 2284 851 2345 momento
884 2301 953 2344 esse
986 2280 1149 2344 desineret.

135 2391 261 2433 summe
283 2371 369 2434 enirn
384 2370 536 2434 velocitas
560 2371 795 2434 transeuntium
814 2373 872 2452 est,
891 2369 1028 2453 ideoque
1048 2370 1149 2434 omnis

136 2458 271 2523 defectio
294 2459 434 2522 siderum
457 2458 563 2524 brevis
588 2464 644 2543 est,
663 2460 740 2543 quia
763 2460 827 2524 cito
851 2459 907 2522 illa
925 2457 1010 2523 idem
1030 2479 1150 2539 cursus,
1162 2478 1180 2519 a

136 2547 192 2629 qui
225 2548 420 2631 admoverat,
453 2546 622 2613 abstrahit:
658 2549 803 2613 videmus
837 2547 938 2612 solem
975 2551 1007 2611 et
1042 2550 1150 2613 lunam

136 2636 220 2700 intra
243 2637 395 2722 exiguum
418 2642 555 2722 tempus,
579 2660 653 2703 oum
677 2637 843 2702 obscurari
866 2639 1052 2720 coeperunt,
1074 2635 1151 2701 libe·

135 2726 199 2789 rari
222 2763 266 2771 -
290 2730 410 2808 quanto
435 2728 568 2792 celerior
591 2727 685 2791 debet
715 2726 785 2790 fieri
813 2727 847 2789 in
870 2726 972 2790 stellis
997 2725 1151 2812 digressio

208 2905 220 2951 1
238 2901 385 2973 interiora]
403 2900 537 2955 inferiora
552 2901 631 2972 culpo
646 2903 651 2970 1
671 2901 802 2954 reductos
818 2901 949 2971 Gronov]
970 2899 1107 2954 deductos
1123 2902 1153 2953 Φ

135 2973 183 3026 cul
201 2988 216 3026 o
236 2971 371 3027 demissos
390 2974 413 3026 d
433 2974 437 3042 1
458 2973 543 3044 dem]
564 2971 692 3026 dimissos
712 2976 731 3024 0
750 2973 831 3042 culpo
850 2972 985 3026 deductos
1005 2973 1028 3026 d
1048 2971 1152 3026 diuisos

137 2989 257 3112 11111
275 3043 388 3097 illorum
402 3043 530 3115 ΔἮΖ]
551 3059 647 3097 eorum
666 3045 689 3098 d
695 3048 739 3114 ορ
753 3049 778 3097 el
796 3045 870 3111 (cute
889 3043 991 3113 diffie
1012 3059 1063 3097 ora.
1082 3043 1153 3112 1111

138 3119 154 3167 6
168 3114 243 3185 cum]
263 3131 312 3170 mn.
328 3116 349 3169 λ
363 3116 371 3183 11
386 3120 402 3167 8
416 3115 548 3186 duarum]
567 3115 723 3168 duorumd
742 3115 745 3183 1
766 3113 864 3185 facies]
884 3114 987 3168 faciem
1001 3115 1025 3168 d
1040 3117 1044 3183 1
1060 3113 1153 3168 reddi·

137 3187 184 3239 tur
201 3185 327 3256 Wrz]
346 3186 428 3241 reddi
446 3188 521 3241 dl?
539 3187 548 3256 11
566 3187 676 3257 9111110]
695 3203 746 3241 om.
762 3186 846 3241 612¹
864 3187 948 3254 c(um)
967 3184 1000 3237 1³¹
1021 3187 1024 3254 1
1047 3184 1152 3256 euenit]

138 3274 188 3311 om.
203 3259 226 3312 d
239 3259 248 3327 11
263 3263 293 3309 111
307 3257 550 3329 respondebimus]
569 3258 680 3312 -demus
694 3262 738 3310 ΕΖ
753 3259 761 3327 11
776 3262 807 3309 14
822 3259 949 3311 cometen
963 3258 1021 3326 dz]
1035 3258 1108 3311 ·tem
1124 3259 1154 3310 Φ

137 3327 1153 3400 111111111111111511]0111111111111191110111111]111011111120001101

139 3417 250 3454 cursum
264 3402 310 3455 λΡ
326 3403 329 3470 1
350 3401 383 3455 fit
396 3417 466 3455 corn.
481 3401 540 3455 coll.
556 3402 579 3454 d
592 3402 600 3470 11
619 3406 651 3453 21
665 3400 758 3471 annis]
773 3417 823 3454 om.
839 3401 862 3454 d
880 3406 945 3454 ante
958 3399 1038 3453 fieret
1051 3401 1133 3471 culpo
1146 3401 1154 3468 1

138 3477 174 3525 112
193 3471 276 3526 simul
301 3473 378 3543 sunt]
404 3480 468 3527 uate
492 3473 565 3527 ind
589 3474 597 3542 11
624 3477 658 3524 28
677 3471 829 3542 desineret]
855 3471 947 3526 -erent
966 3472 989 3525 d
1011 3472 1020 3540 11
1043 3475 1078 3523 25
1104 3469 1154 3524 illa

139 3542 279 3615 dHL¹P²]
298 3543 363 3598 illas
383 3546 479 3617 Elpz
497 3546 578 3616 culpo
596 3546 605 3614 11
624 3550 657 3596 117
678 3542 842 3613 coeperunt]
861 3541 1006 3610 coeperint
1023 3544 1097 3611 nm
