2408 3832
82 169 147 223 XIV
485 170 692 226 PRAEFATIO

82 320 154 380 libri
181 320 269 380 initio
297 321 445 381 interiisse
474 325 558 382 ratus
589 323 661 381 olim
689 321 829 381 contendi
858 313 957 403 (Stud.
980 322 997 380 I
1022 313 1101 404 114)

82 411 144 469 iam
171 409 313 469 arrident.
358 413 451 471 immo
478 411 566 470 Pium
592 410 675 470 Kern
703 410 855 470 seminarii
881 413 978 495 nostri
1004 431 1104 487 nuper

84 499 216 558 sodalem
245 503 362 560 secutus
391 520 406 557 e
433 501 528 560 libelli
559 501 650 560 titulo
677 500 827 559 Lucilium
858 503 889 558 ct
918 502 1101 577 quicumque

83 588 218 647 libellum
245 588 396 666 perlegere
429 591 528 666 coepit
557 596 767 667 argumentum
794 588 864 648 libri
891 589 924 648 II
951 589 1101 650 divinasse

83 696 162 737 nunc
176 677 358 738 crediderim.
391 679 502 738 suflicit
516 681 595 737 enim
613 678 687 738 haec
706 679 864 755 explicatio
879 679 1101 755 simplicissime

83 771 113 826 et
136 769 241 827 ceteris
263 771 406 843 praestet.

150 857 264 916 Paucos
302 857 395 935 igitur
430 857 599 916 libellorum
631 857 737 916 titulos
770 857 936 933 antiquitus
972 857 1100 917 traditos

82 965 235 1021 unumque
257 967 317 1006 non
340 950 492 1006 servatum
514 946 565 1006 sed
593 947 712 1006 favente
735 946 870 1005 Minerva
893 949 1101 1023 recuperatum

84 1036 122 1095 ad
145 1038 246 1111 ipsum
269 1037 421 1094 auctorem
444 1036 546 1112 aliquo
568 1036 656 1096 modo
678 1034 814 1094 recedere
838 1038 963 1095 constat.
1004 1055 1102 1111 neque

84 1124 188 1184 ceteris
211 1124 322 1185 libellis
346 1124 474 1184 defuisse
496 1126 602 1184 titulos
625 1127 856 1184 consentaneum
878 1129 931 1200 cst,
955 1125 1009 1200 qui
1032 1143 1100 1184 con·

82 1214 197 1273 iectura
218 1215 340 1273 tantum
362 1215 553 1293 colligrmtur.

149 1303 247 1381 Magis
270 1302 352 1362 dubii
376 1308 447 1362 sunt
469 1305 585 1362 numeri
606 1305 682 1379 ipsis
706 1303 972 1378 subscriptionibus
996 1303 1101 1363 additi.

83 1392 226 1451 nimirum
249 1396 362 1452 ceteros
384 1395 540 1469 tamquam
562 1393 781 1452 recentissimos
804 1411 904 1452 omnes
926 1394 1033 1453 missos
1056 1393 1102 1451 fa-

83 1481 176 1556 ciunt,
198 1482 252 1540 isti
273 1483 392 1541 tantum
414 1482 447 1540 in
470 1481 621 1542 codicibus
643 1475 701 1540 HL
723 1481 834 1540 libellis
857 1482 930 1540 IVb
953 1485 983 1541 et
1000 1480 1029 1537 V
1049 1482 1100 1539 ad·

84 1570 188 1646 scripti
219 1572 252 1629 in
283 1571 368 1630 litem
396 1570 527 1631 veniunt.
579 1574 669 1646 atque
700 1570 755 1629 hos
788 1570 909 1647 quidem
940 1590 1003 1630 una
1032 1589 1102 1631 eum

83 1659 181 1719 titulis
201 1679 216 1718 e
237 1659 365 1719 Senecae
380 1659 510 1720 editione
528 1661 647 1720 fluxisse
661 1660 745 1719 Diels
760 1660 895 1735 coniecit,
909 1679 964 1738 ego
982 1661 1101 1738 negavi

82 1750 192 1807 mirum
214 1768 286 1808 sane
309 1752 363 1824 est,
387 1750 466 1825 quod
493 1750 569 1809 liber
591 1749 663 1808 lVb
686 1751 777 1808 tertio
804 1750 870 1808 loco
893 1753 924 1809 et
947 1768 965 1807 a
988 1749 1103 1808 Seneca

83 1837 267 1913 conscriptus
297 1841 344 1897 est
373 1842 403 1897 et
432 1838 464 1897 in
494 1838 645 1899 nonnullis
673 1839 805 1897 melioris
832 1841 920 1898 notae
950 1838 1102 1900 codicibus

83 1929 268 2002 numeretur,
295 1947 355 1986 non
382 1930 512 2004 ponitur.
560 1930 592 1986 at
615 1946 686 1986 casu
708 1926 763 1994 hoc
786 1927 898 1986 factum
921 1931 980 1987 est:
1004 1947 1101 2004 neque

84 2017 163 2075 enim
189 2018 225 2074 in
254 2017 452 2093 archetypo
479 2017 603 2076 tertium
630 2016 680 2075 hic
706 2016 783 2076 liber
810 2016 964 2076 obtinebat
1000 2017 1102 2077 locum

83 2105 136 2164 sed
159 2106 306 2181 quintum.
354 2105 426 2164 ordo
450 2106 528 2165 enim
551 2105 696 2164 librorum
718 2106 750 2163 in
772 2105 827 2164 illo
849 2106 899 2166 hic
922 2107 993 2164 fuit:
1095 2131 1097 2135 ·

323 2192 647 2253 IHIIIIVaIVb
670 2194 698 2250 V
721 2193 764 2252 VI
787 2194 864 2269 VII,

84 2287 174 2359 atque
198 2284 286 2343 huius
305 2283 417 2343 ordinis
436 2301 574 2343 numeros
595 2285 680 2342 1-8
704 2283 800 2343 libelli
818 2303 889 2360 prae
910 2303 940 2344 se
958 2286 1007 2344 vel
1030 2286 1102 2345 sub*

84 2372 210 2449 scriptos
233 2373 370 2432 ferebant
393 2364 444 2452 (cf.
468 2371 553 2431 Stud.
571 2373 587 2430 1
607 2373 649 2431 84
673 2375 702 2431 et
724 2365 827 2454 infra),
873 2373 1007 2432 codicum
1031 2395 1102 2435 vero

83 2457 140 2522 ΗΙι
164 2463 351 2539 aliorumque
379 2480 517 2522 numeros
541 2462 659 2520 aliunde
686 2463 797 2523 inlatos
821 2481 883 2522 esse
906 2481 973 2522 cum
996 2463 1102 2524 Schul-

83 2552 174 2612 tessio
197 2551 422 2627 comprobatum
445 2550 528 2610 duco.
566 2554 720 2628 praeterea
743 2555 770 2613 si
791 2551 850 2627 ipsi
873 2570 892 2609 a
915 2550 1027 2612 Seneca
1050 2555 1103 2613 ad-

84 2641 189 2717 scripti
218 2641 344 2718 singulis
367 2640 568 2699 voluminibus
599 2640 809 2716 adhaerebant
838 2660 899 2699 non
927 2643 1102 2719 explicatur,

84 2749 138 2790 cur
168 2731 215 2789 his
248 2729 390 2808 neglectis
427 2729 597 2805 antiquitus
633 2731 692 2790 toti
723 2730 793 2789 libri
827 2731 892 2789 loco
923 2732 1000 2789 moti
1031 2732 1101 2792 sint

83 2838 179 2896 neque
201 2819 296 2897 igitur
318 2821 436 2878 numeri
465 2820 587 2896 genuini
617 2819 729 2879 ordinis
758 2839 775 2878 a
799 2818 911 2878 Seneca
939 2821 1006 2896 ipso
1036 2820 1103 2881 dati

83 2908 285 2969 voluminibus
309 2908 397 2966 editis
421 2907 517 2967 additi
540 2908 680 2967 videntur
701 2909 800 2969 fuisse.

150 2998 216 3056 Iam
240 2997 404 3073 quaeritur,
432 3017 506 3055 num
532 2999 596 3074 ipse
620 2996 732 3056 Seneca
754 3000 853 3056 totum
877 3017 951 3075 opus
975 2999 1103 3059 ediderit

84 3090 189 3163 atque,
220 3081 246 3145 si
278 3086 385 3160 edidit,
416 3105 546 3162 quonam
579 3085 681 3145 ordine
711 3105 783 3145 usus
815 3086 969 3147 volumina
1001 3089 1102 3164 dispo-

84 3179 186 3237 suerit.

152 3264 296 3325 ecdicum
323 3286 414 3326 manu
441 3266 619 3341 scriptorum
641 3265 691 3324 vel
717 3265 817 3342 potius
844 3266 1000 3342 archetypi
1023 3267 1103 3327 ordi-

83 3374 151 3413 nem
170 3357 376 3431 pervetustum
395 3373 467 3429 esse,
485 3373 544 3414 non
561 3354 658 3413 medio
674 3372 747 3413 aevo
762 3358 869 3429 ortum,
882 3355 952 3413 inde
966 3360 1102 3432 apparet,

83 3444 165 3516 quod
182 3444 342 3504 Naturales
361 3443 555 3514 Quaestiones
577 3462 616 3503 ne
638 3446 813 3504 correctoris
836 3443 957 3519 quidem
979 3464 1102 3504 manum

60 3529 150 3585 intra
174 3534 310 3590 aetatem
336 3535 515 3595 suaviorum
539 3537 570 3594 et
593 3531 812 3611 Carolingicam
839 3551 997 3608 perpessae
1023 3537 1102 3594 sunt.
