<?xml version="1.0" encoding="UTF-8"?>
<!DOCTYPE html PUBLIC "-//W3C//DTD XHTML 1.0 Transitional//EN"
    "http://www.w3.org/TR/xhtml1/DTD/xhtml1-transitional.dtd">
<html xmlns="http://www.w3.org/1999/xhtml" xml:lang="en" lang="en">
 <head>
  <title>
</title>
<meta http-equiv="Content-Type" content="text/html;charset=utf-8" />
  <meta name='ocr-system' content='tesseract 3.04.00' />
  <meta name='ocr-capabilities' content='ocr_page ocr_carea ocr_par ocr_line ocrx_word'/>
</head>
<body>
  <div class='ocr_page' id='page_1' title='image "./lannaeisenecaeo04senegoog_0209.png"; bbox 0 0 2408 3832; ppageno 0'>
   <div class='ocr_carea' id='block_1_1' title="bbox 323 169 1095 238">
    <p class='ocr_par' dir='ltr' id='par_1_1' title="bbox 323 169 1095 238">
     <span class='ocr_line' id='line_1_1' title="bbox 323 169 1095 238; baseline 0.008 -12"><span class='ocrx_word' id='word_1_1' title='bbox 323 171 459 227; x_wconf 82' lang='lat' dir='ltr'><strong>NATUR.</strong></span> <span class='ocrx_word' id='word_1_2' title='bbox 479 170 629 238; x_wconf 77' lang='lat' dir='ltr'><strong>QUAEST.</strong></span> <span class='ocrx_word' id='word_1_3' title='bbox 647 171 714 225; x_wconf 82' lang='lat' dir='ltr'><strong>LJB.</strong></span> <span class='ocrx_word' id='word_1_4' title='bbox 733 169 805 228; x_wconf 76' lang='lat' dir='ltr'>IVa.</span> <span class='ocrx_word' id='word_1_5' title='bbox 825 176 849 226; x_wconf 78' lang='lat'>2.</span> <span class='ocrx_word' id='word_1_6' title='bbox 1032 169 1095 234; x_wconf 74' lang='lat'>157</span> 
     </span>
    </p>
   </div>
   <div class='ocr_carea' id='block_1_2' title="bbox 35 318 1097 1204">
    <p class='ocr_par' dir='ltr' id='par_1_2' title="bbox 35 318 1097 1204">
     <span class='ocr_line' id='line_1_2' title="bbox 72 318 1097 403; baseline -0.007 -19"><span class='ocrx_word' id='word_1_7' title='bbox 72 340 146 384; x_wconf 87' lang='lat' dir='ltr'>euru</span> <span class='ocrx_word' id='word_1_8' title='bbox 173 322 306 403; x_wconf 84' lang='lat' dir='ltr'>pertusa</span> <span class='ocrx_word' id='word_1_9' title='bbox 332 319 397 383; x_wconf 87' lang='lat' dir='ltr'>siut</span> <span class='ocrx_word' id='word_1_10' title='bbox 428 323 543 383; x_wconf 85' lang='lat' dir='ltr'>cuncta</span> <span class='ocrx_word' id='word_1_11' title='bbox 574 322 607 383; x_wconf 86' lang='lat' dir='ltr'>et</span> <span class='ocrx_word' id='word_1_12' title='bbox 638 318 776 382; x_wconf 88' lang='lat' dir='ltr'>invicem</span> <span class='ocrx_word' id='word_1_13' title='bbox 809 318 998 397; x_wconf 82' lang='lat' dir='ltr'>commeent,</span> <span class='ocrx_word' id='word_1_14' title='bbox 1031 337 1097 378; x_wconf 91' lang='lat' dir='ltr'>non</span> 
     </span>
     <span class='ocr_line' id='line_1_3' title="bbox 74 403 1096 489; baseline -0.006 -17"><span class='ocrx_word' id='word_1_15' title='bbox 74 409 227 472; x_wconf 87' lang='lat' dir='ltr'>omnibus</span> <span class='ocrx_word' id='word_1_16' title='bbox 246 409 325 472; x_wconf 84' lang='lat' dir='ltr'>locis</span> <span class='ocrx_word' id='word_1_17' title='bbox 345 411 464 472; x_wconf 83' lang='lat' dir='ltr'>aestate</span> <span class='ocrx_word' id='word_1_18' title='bbox 482 408 605 471; x_wconf 90' lang='lat' dir='ltr'>maiora</span> <span class='ocrx_word' id='word_1_19' title='bbox 627 408 693 470; x_wconf 84' lang='lat' dir='ltr'>sint</span> <span class='ocrx_word' id='word_1_20' title='bbox 715 407 855 470; x_wconf 88' lang='lat' dir='ltr'>flumina.</span> <span class='ocrx_word' id='word_1_21' title='bbox 899 403 1096 489; x_wconf 76' lang='lat' dir='ltr'>‘Aegyptum</span> 
     </span>
     <span class='ocr_line' id='line_1_4' title="bbox 74 494 1097 582; baseline -0.006 -20"><span class='ocrx_word' id='word_1_22' title='bbox 74 499 125 562; x_wconf 83' lang='lat' dir='ltr'>sol</span> <span class='ocrx_word' id='word_1_23' title='bbox 148 497 252 582; x_wconf 84' lang='lat' dir='ltr'>magis</span> <span class='ocrx_word' id='word_1_24' title='bbox 276 498 459 580; x_wconf 77' lang='lat' dir='ltr'>percoquit:</span> <span class='ocrx_word' id='word_1_25' title='bbox 485 497 594 578; x_wconf 83' lang='lat' dir='ltr'>itaque</span> <span class='ocrx_word' id='word_1_26' title='bbox 617 494 713 559; x_wconf 75' lang='lat' dir='ltr'>Nilus</span> <span class='ocrx_word' id='word_1_27' title='bbox 737 496 839 580; x_wconf 81' lang='lat' dir='ltr'>magis</span> <span class='ocrx_word' id='word_1_28' title='bbox 864 494 998 558; x_wconf 85' lang='lat' dir='ltr'>crescit&#39;.</span> <span class='ocrx_word' id='word_1_29' title='bbox 1041 494 1097 557; x_wconf 80' lang='lat' dir='ltr'>sed</span> 
     </span>
     <span class='ocr_line' id='line_1_5' title="bbox 74 582 1096 669; baseline -0.006 -19"><span class='ocrx_word' id='word_1_30' title='bbox 74 586 261 669; x_wconf 82' lang='lat' dir='ltr'>&lt;quomodo</span> <span class='ocrx_word' id='word_1_31' title='bbox 284 585 355 649; x_wconf 89' lang='lat' dir='ltr'>fieri</span> <span class='ocrx_word' id='word_1_32' title='bbox 377 589 500 669; x_wconf 80' lang='lat' dir='ltr'>potest,</span> <span class='ocrx_word' id='word_1_33' title='bbox 523 588 560 648; x_wconf 86' lang='lat' dir='ltr'>ut</span> <span class='ocrx_word' id='word_1_34' title='bbox 583 586 764 668; x_wconf 75' lang='lat' dir='ltr'><strong>absumptis</strong></span> <span class='ocrx_word' id='word_1_35' title='bbox 787 585 878 666; x_wconf 84' lang='lat' dir='ltr'>aquis</span> <span class='ocrx_word' id='word_1_36' title='bbox 902 604 969 647; x_wconf 90' lang='lat' dir='ltr'>non</span> <span class='ocrx_word' id='word_1_37' title='bbox 991 582 1096 646; x_wconf 80' lang='lat' dir='ltr'>colum</span> 
     </span>
     <span class='ocr_line' id='line_1_6' title="bbox 46 671 1097 756; baseline -0.005 -17"><span class='ocrx_word' id='word_1_38' title='bbox 46 676 132 740; x_wconf 77' lang='lat' dir='ltr'>ahio</span> <span class='ocrx_word' id='word_1_39' title='bbox 155 675 296 738; x_wconf 81' lang='lat' dir='ltr'>abundet</span> <span class='ocrx_word' id='word_1_40' title='bbox 319 674 395 756; x_wconf 79' lang='lat' dir='ltr'>sed&gt;</span> <span class='ocrx_word' id='word_1_41' title='bbox 414 674 449 738; x_wconf 89' lang='lat' dir='ltr'>in</span> <span class='ocrx_word' id='word_1_42' title='bbox 470 675 582 738; x_wconf 83' lang='lat' dir='ltr'>ceteris</span> <span class='ocrx_word' id='word_1_43' title='bbox 603 696 733 756; x_wconf 91' lang='lat' dir='ltr'>quoque</span> <span class='ocrx_word' id='word_1_44' title='bbox 753 674 845 737; x_wconf 79' lang='lat' dir='ltr'>terrie</span> <span class='ocrx_word' id='word_1_45' title='bbox 865 673 975 755; x_wconf 89' lang='lat' dir='ltr'>aliqua</span> <span class='ocrx_word' id='word_1_46' title='bbox 991 671 1097 734; x_wconf 89' lang='lat' dir='ltr'>fiumi-</span> 
     </span>
     <span class='ocr_line' id='line_1_7' title="bbox 77 761 1096 846; baseline -0.002 -19"><span class='ocrx_word' id='word_1_47' title='bbox 77 764 186 827; x_wconf 86' lang='lat' dir='ltr'>inibus</span> <span class='ocrx_word' id='word_1_48' title='bbox 205 764 262 827; x_wconf 77' lang='lat' dir='ltr'>fiat</span> <span class='ocrx_word' id='word_1_49' title='bbox 281 763 441 828; x_wconf 79' lang='lat' dir='ltr'>adiectio?</span> <span class='ocrx_word' id='word_1_50' title='bbox 478 763 591 827; x_wconf 89' lang='lat' dir='ltr'>deinde</span> <span class='ocrx_word' id='word_1_51' title='bbox 611 785 707 846; x_wconf 88' lang='lat' dir='ltr'>quare</span> <span class='ocrx_word' id='word_1_52' title='bbox 727 764 794 825; x_wconf 89' lang='lat' dir='ltr'>ulla</span> <span class='ocrx_word' id='word_1_53' title='bbox 812 784 886 845; x_wconf 83' lang='lat' dir='ltr'>pers</span> <span class='ocrx_word' id='word_1_54' title='bbox 905 765 1007 825; x_wconf 81' lang='lat' dir='ltr'>terrae</span> <span class='ocrx_word' id='word_1_55' title='bbox 1027 761 1096 825; x_wconf 83' lang='lat' dir='ltr'>eine</span> 
     </span>
     <span class='ocr_line' id='line_1_8' title="bbox 73 848 1096 936; baseline -0.004 -20"><span class='ocrx_word' id='word_1_56' title='bbox 73 875 188 917; x_wconf 87' lang='lat' dir='ltr'>umore</span> <span class='ocrx_word' id='word_1_57' title='bbox 213 857 268 934; x_wconf 81' lang='lat' dir='ltr'>est,</span> <span class='ocrx_word' id='word_1_58' title='bbox 293 874 365 916; x_wconf 85' lang='lat' dir='ltr'>curn</span> <span class='ocrx_word' id='word_1_59' title='bbox 390 853 494 916; x_wconf 85' lang='lat' dir='ltr'>omnis</span> <span class='ocrx_word' id='word_1_60' title='bbox 514 852 605 916; x_wconf 86' lang='lat' dir='ltr'>adse</span> <span class='ocrx_word' id='word_1_61' title='bbox 625 875 663 915; x_wconf 86' lang='lat' dir='ltr'>ex</span> <span class='ocrx_word' id='word_1_62' title='bbox 687 853 758 915; x_wconf 82' lang='lat' dir='ltr'>aliis</span> <span class='ocrx_word' id='word_1_63' title='bbox 776 851 962 936; x_wconf 82' lang='lat' dir='ltr'>regionibus</span> <span class='ocrx_word' id='word_1_64' title='bbox 982 848 1096 930; x_wconf 67' lang='lat' dir='ltr'>nahai,</span> 
     </span>
     <span class='ocr_line' id='line_1_9' title="bbox 75 937 1096 1025; baseline -0.005 -19"><span class='ocrx_word' id='word_1_65' title='bbox 75 964 113 1007; x_wconf 88' lang='lat' dir='ltr'>eo</span> <span class='ocrx_word' id='word_1_66' title='bbox 135 941 266 1024; x_wconf 90' lang='lat' dir='ltr'>quidem</span> <span class='ocrx_word' id='word_1_67' title='bbox 285 942 387 1025; x_wconf 84' lang='lat' dir='ltr'>magis</span> <span class='ocrx_word' id='word_1_68' title='bbox 408 963 473 1023; x_wconf 93' lang='lat' dir='ltr'>quo</span> <span class='ocrx_word' id='word_1_69' title='bbox 498 941 631 1005; x_wconf 80' lang='lat' dir='ltr'>calidior</span> <span class='ocrx_word' id='word_1_70' title='bbox 649 941 718 1005; x_wconf 81' lang='lat' dir='ltr'>est?</span> <span class='ocrx_word' id='word_1_71' title='bbox 752 940 864 1004; x_wconf 89' lang='lat' dir='ltr'>deinde</span> <span class='ocrx_word' id='word_1_72' title='bbox 884 961 982 1021; x_wconf 90' lang='lat' dir='ltr'>quare</span> <span class='ocrx_word' id='word_1_73' title='bbox 1001 937 1096 1002; x_wconf 80' lang='lat' dir='ltr'>Nilus</span> 
     </span>
     <span class='ocr_line' id='line_1_10' title="bbox 76 1029 1097 1112; baseline -0.003 -18"><span class='ocrx_word' id='word_1_74' title='bbox 76 1031 180 1095; x_wconf 83' lang='lat' dir='ltr'>duleis</span> <span class='ocrx_word' id='word_1_75' title='bbox 205 1034 261 1112; x_wconf 80' lang='lat' dir='ltr'>est,</span> <span class='ocrx_word' id='word_1_76' title='bbox 286 1031 312 1094; x_wconf 81' lang='lat' dir='ltr'>si</span> <span class='ocrx_word' id='word_1_77' title='bbox 335 1030 415 1095; x_wconf 83' lang='lat' dir='ltr'>hacc</span> <span class='ocrx_word' id='word_1_78' title='bbox 437 1030 488 1094; x_wconf 79' lang='lat' dir='ltr'>illi</span> <span class='ocrx_word' id='word_1_79' title='bbox 506 1053 524 1094; x_wconf 91' lang='lat' dir='ltr'>e</span> <span class='ocrx_word' id='word_1_80' title='bbox 543 1031 624 1094; x_wconf 92' lang='lat' dir='ltr'>mari</span> <span class='ocrx_word' id='word_1_81' title='bbox 641 1031 727 1094; x_wconf 88' lang='lat' dir='ltr'>unda</span> <span class='ocrx_word' id='word_1_82' title='bbox 750 1029 820 1093; x_wconf 79' lang='lat' dir='ltr'>est?</span> <span class='ocrx_word' id='word_1_83' title='bbox 855 1050 915 1092; x_wconf 90' lang='lat' dir='ltr'>nec</span> <span class='ocrx_word' id='word_1_84' title='bbox 933 1029 1018 1092; x_wconf 86' lang='lat' dir='ltr'>enim</span> <span class='ocrx_word' id='word_1_85' title='bbox 1037 1029 1097 1091; x_wconf 77' lang='lat' dir='ltr'>ulii</span> 
     </span>
     <span class='ocr_line' id='line_1_11' title="bbox 35 1120 592 1204; baseline -0.005 -19"><span class='ocrx_word' id='word_1_86' title='bbox 35 1144 61 1185; x_wconf 83' lang='lat'>10</span> <span class='ocrx_word' id='word_1_87' title='bbox 74 1120 204 1184; x_wconf 89' lang='lat' dir='ltr'>flumini</span> <span class='ocrx_word' id='word_1_88' title='bbox 227 1120 351 1183; x_wconf 88' lang='lat' dir='ltr'>dulcior</span> <span class='ocrx_word' id='word_1_89' title='bbox 374 1123 486 1204; x_wconf 81' lang='lat' dir='ltr'>gustus</span> <span class='ocrx_word' id='word_1_90' title='bbox 507 1171 512 1182; x_wconf 95' lang='lat'>.</span> <span class='ocrx_word' id='word_1_91' title='bbox 533 1171 538 1182; x_wconf 90' lang='lat'><em>.</em></span> <span class='ocrx_word' id='word_1_92' title='bbox 560 1170 592 1182; x_wconf 93' lang='lat'>..</span> 
     </span>
    </p>
   </div>
   <div class='ocr_carea' id='block_1_3' title="bbox 36 1293 1132 2304">
    <p class='ocr_par' dir='ltr' id='par_1_3' title="bbox 75 1293 1096 1506">
     <span class='ocr_line' id='line_1_12' title="bbox 149 1293 1096 1362; baseline -0.003 -14"><span class='ocrx_word' id='word_1_93' title='bbox 149 1295 180 1348; x_wconf 86' lang='lat' dir='ltr'><em>E</em></span> <span class='ocrx_word' id='word_1_94' title='bbox 203 1295 348 1361; x_wconf 75' lang='lat' dir='ltr'>capitibus,</span> <span class='ocrx_word' id='word_1_95' title='bbox 375 1311 443 1362; x_wconf 76' lang='lat' dir='ltr'>ptrue</span> <span class='ocrx_word' id='word_1_96' title='bbox 468 1296 500 1347; x_wconf 74' lang='grc' dir='ltr'>λα</span> <span class='ocrx_word' id='word_1_97' title='bbox 526 1294 595 1348; x_wconf 76' lang='lat' dir='ltr'>turo</span> <span class='ocrx_word' id='word_1_98' title='bbox 621 1295 765 1362; x_wconf 74' lang='lat' dir='ltr'>archetypo</span> <span class='ocrx_word' id='word_1_99' title='bbox 786 1295 943 1361; x_wconf 74' lang='lat' dir='ltr'>perierunt,</span> <span class='ocrx_word' id='word_1_100' title='bbox 968 1293 1034 1346; x_wconf 84' lang='lat' dir='ltr'>beer</span> <span class='ocrx_word' id='word_1_101' title='bbox 1052 1309 1096 1345; x_wconf 78' lang='lat' dir='ltr'>er·</span> 
     </span>
     <span class='ocr_line' id='line_1_13' title="bbox 75 1364 1096 1434; baseline -0.004 -14"><span class='ocrx_word' id='word_1_102' title='bbox 75 1372 169 1434; x_wconf 84' lang='lat' dir='ltr'>cerptu</span> <span class='ocrx_word' id='word_1_103' title='bbox 192 1367 223 1418; x_wconf 86' lang='lat' dir='ltr'>iu</span> <span class='ocrx_word' id='word_1_104' title='bbox 247 1367 346 1419; x_wconf 77' lang='lat' dir='ltr'>librum</span> <span class='ocrx_word' id='word_1_105' title='bbox 370 1370 403 1418; x_wconf 82' lang='lat' dir='ltr'>de</span> <span class='ocrx_word' id='word_1_106' title='bbox 426 1367 562 1420; x_wconf 82' lang='lat' dir='ltr'>rrreusibus</span> <span class='ocrx_word' id='word_1_107' title='bbox 583 1373 711 1434; x_wconf 81' lang='lat' dir='ltr'>quartum</span> <span class='ocrx_word' id='word_1_108' title='bbox 733 1372 868 1433; x_wconf 77' lang='lat' dir='ltr'>receperat</span> <span class='ocrx_word' id='word_1_109' title='bbox 891 1365 950 1418; x_wconf 83' lang='lat' dir='ltr'>Iob.</span> <span class='ocrx_word' id='word_1_110' title='bbox 970 1364 1096 1417; x_wconf 87' lang='lat' dir='ltr'>Laureu·</span> 
     </span>
     <span class='ocr_line' id='line_1_14' title="bbox 75 1437 599 1506; baseline -0.006 -15"><span class='ocrx_word' id='word_1_111' title='bbox 75 1440 132 1491; x_wconf 82' lang='lat' dir='ltr'>tius</span> <span class='ocrx_word' id='word_1_112' title='bbox 151 1437 250 1506; x_wconf 74' lang='lat' dir='ltr'>Lydus</span> <span class='ocrx_word' id='word_1_113' title='bbox 268 1454 327 1504; x_wconf 86' lang='lat' dir='ltr'>cup.</span> <span class='ocrx_word' id='word_1_114' title='bbox 348 1441 385 1490; x_wconf 83' lang='grc'>68</span> <span class='ocrx_word' id='word_1_115' title='bbox 404 1441 442 1504; x_wconf 92' lang='lat' dir='ltr'>(p.</span> <span class='ocrx_word' id='word_1_116' title='bbox 460 1442 513 1490; x_wconf 77' lang='lat'>146</span> <span class='ocrx_word' id='word_1_117' title='bbox 528 1438 599 1503; x_wconf 86' lang='lat' dir='ltr'><em>W.).·</em></span> 
     </span>
    </p>

    <p class='ocr_par' dir='ltr' id='par_1_4' title="bbox 144 1508 1131 1595">
     <span class='ocr_line' id='line_1_15' title="bbox 144 1508 1131 1595; baseline -0.003 -20"><span class='ocrx_word' id='word_1_118' title='bbox 144 1511 162 1575; x_wconf 93' lang='grc' dir='ltr'>ὁ</span> <span class='ocrx_word' id='word_1_119' title='bbox 188 1511 225 1575; x_wconf 78' lang='grc' dir='ltr'>δὲ</span> <span class='ocrx_word' id='word_1_120' title='bbox 244 1508 456 1595; x_wconf 73' lang='grc' dir='ltr'><strong><em>Ἡρόδοτος</em></strong></span> <span class='ocrx_word' id='word_1_121' title='bbox 480 1511 613 1593; x_wconf 77' lang='lat'><em>(1124)</em></span> <span class='ocrx_word' id='word_1_122' title='bbox 637 1512 725 1594; x_wconf 82' lang='grc' dir='ltr'><strong><em>παρὰ</em></strong></span> <span class='ocrx_word' id='word_1_123' title='bbox 748 1509 883 1573; x_wconf 78' lang='grc' dir='ltr'><strong><em>πάντων</em></strong></span> <span class='ocrx_word' id='word_1_124' title='bbox 905 1519 973 1573; x_wconf 83' lang='grc' dir='ltr'>τῶν</span> <span class='ocrx_word' id='word_1_125' title='bbox 996 1531 1096 1573; x_wconf 85' lang='grc' dir='ltr'><strong><em>ποτα·</em></strong></span> <span class='ocrx_word' id='word_1_126' title='bbox 1116 1525 1131 1573; x_wconf 83' lang='grc'><strong>1</strong></span> 
     </span>
    </p>

    <p class='ocr_par' dir='ltr' id='par_1_5' title="bbox 41 1598 1098 1950">
     <span class='ocr_line' id='line_1_16' title="bbox 41 1598 1097 1683; baseline -0.001 -20"><span class='ocrx_word' id='word_1_127' title='bbox 41 1625 62 1664; x_wconf 83' lang='lat' dir='ltr'>rs</span> <span class='ocrx_word' id='word_1_128' title='bbox 76 1612 150 1681; x_wconf 84' lang='grc' dir='ltr'>μῶν</span> <span class='ocrx_word' id='word_1_129' title='bbox 174 1598 283 1664; x_wconf 80' lang='grc' dir='ltr'><em>ἕλκειν</em></span> <span class='ocrx_word' id='word_1_130' title='bbox 305 1600 364 1663; x_wconf 93' lang='grc' dir='ltr'>τὸν</span> <span class='ocrx_word' id='word_1_131' title='bbox 392 1600 488 1682; x_wconf 76' lang='grc' dir='ltr'><strong><em>ἥλιον</em></strong></span> <span class='ocrx_word' id='word_1_132' title='bbox 511 1601 548 1663; x_wconf 92' lang='grc' dir='ltr'>τὸ</span> <span class='ocrx_word' id='word_1_133' title='bbox 576 1599 681 1683; x_wconf 77' lang='grc' dir='ltr'><strong><em>ὑγρόν</em></strong></span> <span class='ocrx_word' id='word_1_134' title='bbox 704 1613 802 1682; x_wconf 79' lang='grc' dir='ltr'><strong><em>φησι,</em></strong></span> <span class='ocrx_word' id='word_1_135' title='bbox 829 1599 891 1682; x_wconf 76' lang='grc' dir='ltr'>τὴν</span> <span class='ocrx_word' id='word_1_136' title='bbox 918 1602 1097 1683; x_wconf 82' lang='grc' dir='ltr'><em>πρόσγειον</em></span> 
     </span>
     <span class='ocr_line' id='line_1_17' title="bbox 76 1684 1098 1774; baseline -0.003 -20"><span class='ocrx_word' id='word_1_137' title='bbox 76 1692 182 1754; x_wconf 82' lang='grc' dir='ltr'><strong><em>νότου</em></strong></span> <span class='ocrx_word' id='word_1_138' title='bbox 197 1689 304 1770; x_wconf 83' lang='grc' dir='ltr'><strong><em>ζώνην</em></strong></span> <span class='ocrx_word' id='word_1_139' title='bbox 319 1687 544 1772; x_wconf 77' lang='grc' dir='ltr'><strong><em>διατρέχοντα,</em></strong></span> <span class='ocrx_word' id='word_1_140' title='bbox 557 1690 639 1772; x_wconf 81' lang='grc' dir='ltr'><strong><em>πρὸς</em></strong></span> <span class='ocrx_word' id='word_1_141' title='bbox 654 1684 690 1752; x_wconf 79' lang='grc' dir='ltr'>θλ</span> <span class='ocrx_word' id='word_1_142' title='bbox 704 1695 750 1774; x_wconf 76' lang='grc' dir='ltr'>τῷ</span> <span class='ocrx_word' id='word_1_143' title='bbox 764 1686 860 1773; x_wconf 79' lang='grc' dir='ltr'><strong><em>θέρει</em></strong></span> <span class='ocrx_word' id='word_1_144' title='bbox 874 1688 956 1771; x_wconf 84' lang='grc' dir='ltr'><strong><em>πρὸς</em></strong></span> <span class='ocrx_word' id='word_1_145' title='bbox 970 1691 1098 1772; x_wconf 78' lang='grc' dir='ltr'><strong><em>βορρᾶν</em></strong></span> 
     </span>
     <span class='ocr_line' id='line_1_18' title="bbox 75 1775 1098 1859; baseline -0.002 -16"><span class='ocrx_word' id='word_1_146' title='bbox 75 1777 272 1843; x_wconf 79' lang='grc' dir='ltr'><strong><em>ἐκκλίνοντα</em></strong></span> <span class='ocrx_word' id='word_1_147' title='bbox 292 1775 504 1842; x_wconf 72' lang='grc' dir='ltr'><strong><em>ἐκκαλεῖσθαι</em></strong></span> <span class='ocrx_word' id='word_1_148' title='bbox 522 1778 581 1841; x_wconf 89' lang='grc' dir='ltr'>τὸν</span> <span class='ocrx_word' id='word_1_149' title='bbox 596 1781 734 1841; x_wconf 80' lang='grc' dir='ltr'><strong><em>Νεῖλον·</em></strong></span> <span class='ocrx_word' id='word_1_150' title='bbox 754 1775 809 1840; x_wconf 82' lang='grc' dir='ltr'>καλ</span> <span class='ocrx_word' id='word_1_151' title='bbox 829 1778 884 1840; x_wconf 77' lang='grc' dir='ltr'>διὰ</span> <span class='ocrx_word' id='word_1_152' title='bbox 899 1777 1023 1859; x_wconf 87' lang='grc' dir='ltr'><strong><em>ταύτην</em></strong></span> <span class='ocrx_word' id='word_1_153' title='bbox 1036 1778 1098 1859; x_wconf 80' lang='grc' dir='ltr'>τὴν</span> 
     </span>
     <span class='ocr_line' id='line_1_19' title="bbox 75 1864 836 1950; baseline -0.003 -19"><span class='ocrx_word' id='word_1_154' title='bbox 75 1871 189 1932; x_wconf 84' lang='grc' dir='ltr'><strong><em>αἰτίαν</em></strong></span> <span class='ocrx_word' id='word_1_155' title='bbox 212 1866 315 1930; x_wconf 88' lang='grc' dir='ltr'><strong><em>αὐτὸν</em></strong></span> <span class='ocrx_word' id='word_1_156' title='bbox 340 1866 538 1950; x_wconf 81' lang='grc' dir='ltr'><strong><em>ἀναχεῑσθαι</em></strong></span> <span class='ocrx_word' id='word_1_157' title='bbox 561 1867 642 1930; x_wconf 88' lang='grc' dir='ltr'><strong><em>κατὰ</em></strong></span> <span class='ocrx_word' id='word_1_158' title='bbox 665 1867 703 1929; x_wconf 92' lang='grc' dir='ltr'>τὸ</span> <span class='ocrx_word' id='word_1_159' title='bbox 727 1864 836 1944; x_wconf 86' lang='grc' dir='ltr'><strong><em>θέρος.</em></strong></span> 
     </span>
    </p>

    <p class='ocr_par' dir='ltr' id='par_1_6' title="bbox 146 1951 1132 2038">
     <span class='ocr_line' id='line_1_20' title="bbox 146 1951 1132 2038; baseline -0.005 -18"><span class='ocrx_word' id='word_1_160' title='bbox 146 1957 180 2020; x_wconf 82' lang='grc' dir='ltr'>οἱ</span> <span class='ocrx_word' id='word_1_161' title='bbox 210 1951 247 2019; x_wconf 71' lang='grc' dir='ltr'>δέ</span> <span class='ocrx_word' id='word_1_162' title='bbox 278 1955 496 2037; x_wconf 78' lang='grc' dir='ltr'><strong><em>Αἰγύπτιοί</em></strong></span> <span class='ocrx_word' id='word_1_163' title='bbox 526 1970 607 2038; x_wconf 80' lang='grc' dir='ltr'><strong><em>φασι</em></strong></span> <span class='ocrx_word' id='word_1_164' title='bbox 637 1957 715 2030; x_wconf 86' lang='grc' dir='ltr'><strong><em>τοὺς</em></strong></span> <span class='ocrx_word' id='word_1_165' title='bbox 745 1954 887 2037; x_wconf 82' lang='lat' dir='ltr'>(Beklter,</span> <span class='ocrx_word' id='word_1_166' title='bbox 915 1956 973 2029; x_wconf 82' lang='grc' dir='ltr'>τὰς</span> <span class='ocrx_word' id='word_1_167' title='bbox 1000 1955 1132 2035; x_wconf 82' lang='lat' dir='ltr'>trud.)2</span> 
     </span>
    </p>

    <p class='ocr_par' dir='ltr' id='par_1_7' title="bbox 36 2042 1097 2304">
     <span class='ocr_line' id='line_1_21' title="bbox 36 2042 1097 2128; baseline 0.001 -23"><span class='ocrx_word' id='word_1_168' title='bbox 36 2068 62 2109; x_wconf 79' lang='lat' dir='ltr'>ao</span> <span class='ocrx_word' id='word_1_169' title='bbox 77 2043 232 2127; x_wconf 83' lang='grc' dir='ltr'><strong><em>ἐτησίους</em></strong></span> <span class='ocrx_word' id='word_1_170' title='bbox 255 2045 361 2120; x_wconf 79' lang='grc' dir='ltr'><strong><em>πάσας</em></strong></span> <span class='ocrx_word' id='word_1_171' title='bbox 386 2043 418 2121; x_wconf 82' lang='grc' dir='ltr'>ἐξ</span> <span class='ocrx_word' id='word_1_172' title='bbox 443 2043 625 2128; x_wconf 82' lang='grc' dir='ltr'><strong><em>ὑπερτέρου</em></strong></span> <span class='ocrx_word' id='word_1_173' title='bbox 649 2045 706 2120; x_wconf 83' lang='grc' dir='ltr'>τὰς</span> <span class='ocrx_word' id='word_1_174' title='bbox 729 2044 869 2127; x_wconf 80' lang='grc' dir='ltr'><strong><em>νεφέλας</em></strong></span> <span class='ocrx_word' id='word_1_175' title='bbox 893 2042 945 2107; x_wconf 82' lang='grc' dir='ltr'>ἐπὶ</span> <span class='ocrx_word' id='word_1_176' title='bbox 964 2043 1024 2106; x_wconf 92' lang='grc' dir='ltr'>τὸν</span> <span class='ocrx_word' id='word_1_177' title='bbox 1042 2046 1097 2107; x_wconf 86' lang='grc' dir='ltr'>νό-</span> 
     </span>
     <span class='ocr_line' id='line_1_22' title="bbox 77 2131 1097 2218; baseline -0.003 -20"><span class='ocrx_word' id='word_1_178' title='bbox 77 2158 140 2198; x_wconf 93' lang='grc' dir='ltr'>τον</span> <span class='ocrx_word' id='word_1_179' title='bbox 159 2132 299 2211; x_wconf 76' lang='grc' dir='ltr'><strong><em>ἐξωθεῖν</em></strong></span> <span class='ocrx_word' id='word_1_180' title='bbox 313 2131 368 2197; x_wconf 88' lang='grc' dir='ltr'>κα1</span> <span class='ocrx_word' id='word_1_181' title='bbox 387 2131 519 2198; x_wconf 84' lang='grc' dir='ltr'><strong><em>ἐκεῖθεν</em></strong></span> <span class='ocrx_word' id='word_1_182' title='bbox 537 2136 671 2217; x_wconf 86' lang='grc' dir='ltr'><strong><em>βαρείας</em></strong></span> <span class='ocrx_word' id='word_1_183' title='bbox 689 2131 957 2218; x_wconf 79' lang='grc' dir='ltr'><strong><em>καταφερομένης</em></strong></span> <span class='ocrx_word' id='word_1_184' title='bbox 977 2134 1097 2216; x_wconf 79' lang='grc' dir='ltr'><strong><em>βροχῆς</em></strong></span> 
     </span>
     <span class='ocr_line' id='line_1_23' title="bbox 75 2223 517 2304; baseline -0.005 -17"><span class='ocrx_word' id='word_1_185' title='bbox 75 2223 278 2304; x_wconf 78' lang='grc' dir='ltr'><strong><em>ἀναβλύζειν</em></strong></span> <span class='ocrx_word' id='word_1_186' title='bbox 300 2223 360 2286; x_wconf 90' lang='grc' dir='ltr'>τὸν</span> <span class='ocrx_word' id='word_1_187' title='bbox 383 2226 517 2286; x_wconf 79' lang='grc' dir='ltr'><strong><em>Νεῖλον.</em></strong></span> 
     </span>
    </p>
   </div>
   <div class='ocr_carea' id='block_1_4' title="bbox 73 2388 1192 3097">
    <p class='ocr_par' dir='ltr' id='par_1_8' title="bbox 73 2388 1192 2952">
     <span class='ocr_line' id='line_1_24' title="bbox 150 2388 1192 2459; baseline -0.002 -17"><span class='ocrx_word' id='word_1_188' title='bbox 150 2390 189 2442; x_wconf 80' lang='lat' dir='ltr'>ud</span> <span class='ocrx_word' id='word_1_189' title='bbox 206 2388 227 2459; x_wconf 67' lang='grc' dir='ltr'><strong><em>β</em></strong></span> <span class='ocrx_word' id='word_1_190' title='bbox 244 2392 263 2442; x_wconf 81' lang='lat'><strong><em>2</em></strong></span> <span class='ocrx_word' id='word_1_191' title='bbox 282 2394 307 2441; x_wconf 88' lang='lat' dir='ltr'>et</span> <span class='ocrx_word' id='word_1_192' title='bbox 324 2392 341 2440; x_wconf 83' lang='grc'><strong><em>4</em></strong></span> <span class='ocrx_word' id='word_1_193' title='bbox 360 2389 449 2441; x_wconf 82' lang='lat' dir='ltr'>Arum.</span> <span class='ocrx_word' id='word_1_194' title='bbox 465 2389 617 2452; x_wconf 82' lang='lat' dir='ltr'>Mure22,</span> <span class='ocrx_word' id='word_1_195' title='bbox 633 2392 675 2452; x_wconf 88' lang='lat'>15,</span> <span class='ocrx_word' id='word_1_196' title='bbox 691 2391 722 2440; x_wconf 87' lang='grc'>5.·</span> <span class='ocrx_word' id='word_1_197' title='bbox 750 2389 901 2454; x_wconf 75' lang='lat' dir='ltr'>adfirmant</span> <span class='ocrx_word' id='word_1_198' title='bbox 923 2388 1013 2456; x_wconf 75' lang='lat' dir='ltr'>aliqui</span> <span class='ocrx_word' id='word_1_199' title='bbox 1025 2389 1098 2456; x_wconf 78' lang='lat' dir='ltr'>pby-</span> <span class='ocrx_word' id='word_1_200' title='bbox 1188 2431 1192 2440; x_wconf 42' lang='lat' dir='ltr'><em>s</em></span> 
     </span>
     <span class='ocr_line' id='line_1_25' title="bbox 73 2459 1098 2528; baseline -0.002 -14"><span class='ocrx_word' id='word_1_201' title='bbox 73 2461 195 2514; x_wconf 82' lang='lat' dir='ltr'>sicerum</span> <span class='ocrx_word' id='word_1_202' title='bbox 223 2461 254 2512; x_wconf 79' lang='lat' dir='ltr'>iu</span> <span class='ocrx_word' id='word_1_203' title='bbox 280 2460 407 2512; x_wconf 77' lang='lat' dir='ltr'>subiectis</span> <span class='ocrx_word' id='word_1_204' title='bbox 433 2459 611 2527; x_wconf 73' lang='lat' dir='ltr'>septentrioni</span> <span class='ocrx_word' id='word_1_205' title='bbox 637 2460 747 2526; x_wconf 78' lang='lat' dir='ltr'>spatiis,</span> <span class='ocrx_word' id='word_1_206' title='bbox 770 2475 832 2511; x_wconf 81' lang='lat' dir='ltr'>eum</span> <span class='ocrx_word' id='word_1_207' title='bbox 853 2459 950 2512; x_wconf 79' lang='lat' dir='ltr'>hiemes</span> <span class='ocrx_word' id='word_1_208' title='bbox 977 2459 1098 2528; x_wconf 66' lang='lat' dir='ltr'>trepidae</span> 
     </span>
     <span class='ocr_line' id='line_1_26' title="bbox 74 2529 1097 2601; baseline -0.003 -15"><span class='ocrx_word' id='word_1_209' title='bbox 74 2538 179 2586; x_wconf 74' lang='lat' dir='ltr'>curseto</span> <span class='ocrx_word' id='word_1_210' title='bbox 197 2532 389 2601; x_wconf 74' lang='lat' dir='ltr'>coustriupuut</span> <span class='ocrx_word' id='word_1_211' title='bbox 407 2533 520 2601; x_wconf 61' lang='grc' dir='ltr'><strong><em>(ηυντ</em></strong></span> <span class='ocrx_word' id='word_1_212' title='bbox 532 2529 668 2596; x_wconf 77' lang='lat' dir='ltr'>Skutsch),</span> <span class='ocrx_word' id='word_1_213' title='bbox 687 2531 891 2599; x_wconf 75' lang='lat' dir='ltr'>mepuitude&#39;ues</span> <span class='ocrx_word' id='word_1_214' title='bbox 908 2531 1016 2583; x_wconf 79' lang='lat' dir='ltr'>utrium</span> <span class='ocrx_word' id='word_1_215' title='bbox 1034 2546 1097 2583; x_wconf 87' lang='lat' dir='ltr'>cou-</span> 
     </span>
     <span class='ocr_line' id='line_1_27' title="bbox 74 2601 1098 2673; baseline -0.003 -17"><span class='ocrx_word' id='word_1_216' title='bbox 74 2603 212 2673; x_wconf 73' lang='lat' dir='ltr'>peleseere</span> <span class='ocrx_word' id='word_1_217' title='bbox 227 2617 322 2670; x_wconf 81' lang='lat' dir='ltr'>easque</span> <span class='ocrx_word' id='word_1_218' title='bbox 332 2607 427 2669; x_wconf 83' lang='lat' dir='ltr'>postea</span> <span class='ocrx_word' id='word_1_219' title='bbox 442 2602 470 2654; x_wconf 88' lang='grc' dir='ltr'>υί</span> <span class='ocrx_word' id='word_1_220' title='bbox 482 2602 630 2670; x_wconf 75' lang='lat' dir='ltr'>slaprcutis</span> <span class='ocrx_word' id='word_1_221' title='bbox 637 2601 737 2654; x_wconf 80' lang='lat' dir='ltr'>sideris</span> <span class='ocrx_word' id='word_1_222' title='bbox 750 2602 883 2654; x_wconf 80' lang='lat' dir='ltr'>resolutos</span> <span class='ocrx_word' id='word_1_223' title='bbox 895 2602 981 2669; x_wconf 81' lang='grc' dir='ltr'><strong><em>βακίο</em></strong></span> <span class='ocrx_word' id='word_1_224' title='bbox 995 2602 1098 2653; x_wconf 81' lang='lat' dir='ltr'>umori-</span> 
     </span>
     <span class='ocr_line' id='line_1_28' title="bbox 76 2672 1168 2742; baseline -0.002 -15"><span class='ocrx_word' id='word_1_225' title='bbox 76 2676 130 2727; x_wconf 89' lang='lat' dir='ltr'>bus</span> <span class='ocrx_word' id='word_1_226' title='bbox 148 2674 233 2727; x_wconf 80' lang='lat' dir='ltr'>nubes</span> <span class='ocrx_word' id='word_1_227' title='bbox 251 2673 355 2738; x_wconf 73' lang='lat' dir='ltr'>efficere</span> <span class='ocrx_word' id='word_1_228' title='bbox 376 2672 521 2742; x_wconf 72' lang='lat' dir='ltr'>prouidus,</span> <span class='ocrx_word' id='word_1_229' title='bbox 539 2689 608 2739; x_wconf 75' lang='lat' dir='ltr'>quae</span> <span class='ocrx_word' id='word_1_230' title='bbox 626 2673 658 2724; x_wconf 78' lang='lat' dir='ltr'>iu</span> <span class='ocrx_word' id='word_1_231' title='bbox 676 2673 858 2726; x_wconf 76' lang='lat' dir='ltr'>meridianum</span> <span class='ocrx_word' id='word_1_232' title='bbox 877 2673 992 2742; x_wconf 75' lang='lat' dir='ltr'>plepem</span> <span class='ocrx_word' id='word_1_233' title='bbox 1010 2673 1098 2725; x_wconf 80' lang='lat' dir='ltr'>etesiis</span> <span class='ocrx_word' id='word_1_234' title='bbox 1165 2701 1168 2707; x_wconf 92' lang='lat'>·</span> 
     </span>
     <span class='ocr_line' id='line_1_29' title="bbox 73 2744 1097 2813; baseline -0.001 -16"><span class='ocrx_word' id='word_1_235' title='bbox 73 2746 212 2813; x_wconf 79' lang='lat' dir='ltr'>flentibus</span> <span class='ocrx_word' id='word_1_236' title='bbox 232 2744 331 2811; x_wconf 77' lang='lat' dir='ltr'>putsce</span> <span class='ocrx_word' id='word_1_237' title='bbox 357 2760 548 2812; x_wconf 76' lang='lat' dir='ltr'>expressaeque</span> <span class='ocrx_word' id='word_1_238' title='bbox 570 2750 659 2810; x_wconf 86' lang='lat' dir='ltr'>tepore</span> <span class='ocrx_word' id='word_1_239' title='bbox 681 2744 768 2796; x_wconf 77' lang='lat' dir='ltr'>nimio</span> <span class='ocrx_word' id='word_1_240' title='bbox 792 2744 957 2796; x_wconf 83' lang='lat' dir='ltr'>iucremeutu</span> <span class='ocrx_word' id='word_1_241' title='bbox 982 2744 1097 2796; x_wconf 80' lang='lat' dir='ltr'>ubertim</span> 
     </span>
     <span class='ocr_line' id='line_1_30' title="bbox 74 2813 1005 2952; baseline -0.003 -83"><span class='ocrx_word' id='word_1_242' title='bbox 74 2833 240 2940; x_wconf 38' lang='lat' dir='ltr'>supereffusam</span> <span class='ocrx_word' id='word_1_243' title='bbox 238 2815 272 2868; x_wconf 94' lang='lat' dir='ltr'><strong><em>N</em></strong></span> <span class='ocrx_word' id='word_1_244' title='bbox 271 2815 307 2897; x_wconf 80' lang='lat' dir='ltr'>ilo</span> <span class='ocrx_word' id='word_1_245' title='bbox 325 2815 475 2938; x_wconf 54' lang='lat' dir='ltr'>ePrJeduutuXr</span> <span class='ocrx_word' id='word_1_246' title='bbox 490 2814 546 2939; x_wconf 36' lang='grc' dir='ltr'>ἕνῇ</span> <span class='ocrx_word' id='word_1_247' title='bbox 556 2813 670 2952; x_wconf 55' lang='lat' dir='ltr'>&amp;wiell</span> <span class='ocrx_word' id='word_1_248' title='bbox 679 2819 731 2936; x_wconf 75' lang='grc' dir='ltr'>1β1</span> <span class='ocrx_word' id='word_1_249' title='bbox 736 2821 776 2952; x_wconf 62' lang='lat' dir='ltr'>“ei</span> <span class='ocrx_word' id='word_1_250' title='bbox 793 2815 872 2880; x_wconf 81' lang='lat' dir='ltr'>iufra</span> <span class='ocrx_word' id='word_1_251' title='bbox 887 2832 915 2881; x_wconf 90' lang='lat' dir='ltr'>p.</span> <span class='ocrx_word' id='word_1_252' title='bbox 932 2818 1005 2880; x_wconf 88' lang='lat'><em>159).</em></span> 
     </span>
    </p>

    <p class='ocr_par' dir='ltr' id='par_1_9' title="bbox 75 2901 1096 3097">
     <span class='ocr_line' id='line_1_31' title="bbox 242 2901 791 2953; baseline -0.004 -13"><span class='ocrx_word' id='word_1_253' title='bbox 242 2903 306 2940; x_wconf 80' lang='grc' dir='ltr'><strong><em>οακτ</em></strong></span> <span class='ocrx_word' id='word_1_254' title='bbox 369 2901 422 2938; x_wconf 86' lang='lat' dir='ltr'>ers.</span> <span class='ocrx_word' id='word_1_255' title='bbox 466 2902 469 2909; x_wconf 93' lang='lat'>·</span> <span class='ocrx_word' id='word_1_256' title='bbox 555 2902 592 2953; x_wconf 81' lang='lat' dir='ltr'>sq.</span> <span class='ocrx_word' id='word_1_257' title='bbox 645 2902 791 2938; x_wconf 86' lang='lat' dir='ltr'>eeesus:</span> 
     </span>
     <span class='ocr_line' id='line_1_32' title="bbox 75 2956 782 3027; baseline -0.003 -15"><span class='ocrx_word' id='word_1_258' title='bbox 75 2959 119 3012; x_wconf 78' lang='lat' dir='ltr'>eet</span> <span class='ocrx_word' id='word_1_259' title='bbox 139 2958 211 3027; x_wconf 79' lang='lat' dir='ltr'>quod</span> <span class='ocrx_word' id='word_1_260' title='bbox 229 2959 263 3011; x_wconf 86' lang='lat' dir='ltr'>ab</span> <span class='ocrx_word' id='word_1_261' title='bbox 283 2957 395 3011; x_wconf 79' lang='lat' dir='ltr'>occiduo</span> <span class='ocrx_word' id='word_1_262' title='bbox 411 2957 520 3024; x_wconf 78' lang='lat' dir='ltr'>pellunt</span> <span class='ocrx_word' id='word_1_263' title='bbox 537 2963 576 3009; x_wconf 89' lang='lat' dir='ltr'>tot</span> <span class='ocrx_word' id='word_1_264' title='bbox 593 2956 691 3010; x_wconf 82' lang='lat' dir='ltr'>uubila</span> <span class='ocrx_word' id='word_1_265' title='bbox 709 2958 782 3010; x_wconf 85' lang='lat' dir='ltr'>coelo</span> 
     </span>
     <span class='ocr_line' id='line_1_33' title="bbox 75 3028 1096 3097; baseline -0.005 -14"><span class='ocrx_word' id='word_1_266' title='bbox 75 3037 159 3084; x_wconf 83' lang='lat' dir='ltr'>treus</span> <span class='ocrx_word' id='word_1_267' title='bbox 177 3036 261 3083; x_wconf 85' lang='lat' dir='ltr'>uotou</span> <span class='ocrx_word' id='word_1_268' title='bbox 280 3034 305 3083; x_wconf 84' lang='lat' dir='ltr'>et</span> <span class='ocrx_word' id='word_1_269' title='bbox 321 3031 406 3096; x_wconf 70' lang='lat' dir='ltr'>fluuio</span> <span class='ocrx_word' id='word_1_270' title='bbox 425 3034 524 3097; x_wconf 76' lang='lat' dir='ltr'>eopuut</span> <span class='ocrx_word' id='word_1_271' title='bbox 542 3028 695 3081; x_wconf 76' lang='lat' dir='ltr'>tuctuubere</span> <span class='ocrx_word' id='word_1_272' title='bbox 712 3028 819 3081; x_wconf 78' lang='lat' dir='ltr'>nimbos</span> <span class='ocrx_word' id='word_1_273' title='bbox 838 3029 884 3094; x_wconf 73' lang='lat' dir='ltr'>(ct.</span> <span class='ocrx_word' id='word_1_274' title='bbox 901 3028 980 3080; x_wconf 69' lang='lat' dir='ltr'>Diels</span> <span class='ocrx_word' id='word_1_275' title='bbox 995 3030 1096 3095; x_wconf 65' lang='lat'><em>1212).</em></span> 
     </span>
    </p>
   </div>
   <div class='ocr_carea' id='block_1_5' title="bbox 77 3178 1100 3604">
    <p class='ocr_par' dir='ltr' id='par_1_10' title="bbox 77 3178 1100 3604">
     <span class='ocr_line' id='line_1_34' title="bbox 152 3178 1096 3247; baseline -0.001 -17"><span class='ocrx_word' id='word_1_276' title='bbox 152 3183 166 3229; x_wconf 93' lang='lat'>1</span> <span class='ocrx_word' id='word_1_277' title='bbox 180 3180 337 3231; x_wconf 85' lang='lat' dir='ltr'>commeent</span> <span class='ocrx_word' id='word_1_278' title='bbox 351 3180 385 3246; x_wconf 86' lang='lat' dir='ltr'>(et</span> <span class='ocrx_word' id='word_1_279' title='bbox 399 3183 482 3231; x_wconf 84' lang='lat' dir='ltr'>uuteu</span> <span class='ocrx_word' id='word_1_280' title='bbox 496 3180 570 3245; x_wconf 80' lang='lat' dir='ltr'>cum)</span> <span class='ocrx_word' id='word_1_281' title='bbox 580 3178 712 3246; x_wconf 85' lang='lat' dir='ltr'>Fortuu.]</span> <span class='ocrx_word' id='word_1_282' title='bbox 732 3180 890 3230; x_wconf 85' lang='lat' dir='ltr'>commeant</span> <span class='ocrx_word' id='word_1_283' title='bbox 906 3180 938 3231; x_wconf 90' lang='grc' dir='ltr'><strong><em>Φ</em></strong></span> <span class='ocrx_word' id='word_1_284' title='bbox 960 3181 969 3247; x_wconf 84' lang='grc' dir='ltr'>ΙΙ</span> <span class='ocrx_word' id='word_1_285' title='bbox 992 3183 1009 3230; x_wconf 81' lang='lat'>2</span> <span class='ocrx_word' id='word_1_286' title='bbox 1028 3178 1096 3246; x_wconf 83' lang='lat' dir='ltr'>sint]</span> 
     </span>
     <span class='ocr_line' id='line_1_35' title="bbox 77 3246 1098 3318; baseline -0.001 -16"><span class='ocrx_word' id='word_1_287' title='bbox 77 3251 147 3302; x_wconf 80' lang='lat' dir='ltr'>sunt</span> <span class='ocrx_word' id='word_1_288' title='bbox 172 3255 218 3318; x_wconf 79' lang='grc' dir='ltr'>ηΕ</span> <span class='ocrx_word' id='word_1_289' title='bbox 246 3250 309 3314; x_wconf 78' lang='lat' dir='ltr'>fort.</span> <span class='ocrx_word' id='word_1_290' title='bbox 336 3255 405 3303; x_wconf 85' lang='lat' dir='ltr'>reete</span> <span class='ocrx_word' id='word_1_291' title='bbox 434 3252 438 3317; x_wconf 88' lang='grc'><strong>1</strong></span> <span class='ocrx_word' id='word_1_292' title='bbox 467 3246 629 3317; x_wconf 80' lang='lat' dir='ltr'>Aegyptum</span> <span class='ocrx_word' id='word_1_293' title='bbox 647 3254 717 3301; x_wconf 81' lang='lat'>-3</span> <span class='ocrx_word' id='word_1_294' title='bbox 744 3250 844 3302; x_wconf 84' lang='lat' dir='ltr'>crescit</span> <span class='ocrx_word' id='word_1_295' title='bbox 862 3248 984 3318; x_wconf 79' lang='lat' dir='ltr'>Dioyeue&#39;</span> <span class='ocrx_word' id='word_1_296' title='bbox 1008 3250 1073 3301; x_wconf 74' lang='lat' dir='ltr'>dedi</span> <span class='ocrx_word' id='word_1_297' title='bbox 1090 3251 1098 3316; x_wconf 89' lang='grc' dir='ltr'>ΙΙ</span> 
     </span>
     <span class='ocr_line' id='line_1_36' title="bbox 77 3319 1098 3441; baseline -0.003 -67"><span class='ocrx_word' id='word_1_298' title='bbox 77 3327 95 3374; x_wconf 79' lang='grc'><strong>3</strong></span> <span class='ocrx_word' id='word_1_299' title='bbox 116 3321 226 3390; x_wconf 85' lang='lat' dir='ltr'>itaquo]</span> <span class='ocrx_word' id='word_1_300' title='bbox 245 3320 287 3372; x_wconf 85' lang='lat' dir='ltr'>ita</span> <span class='ocrx_word' id='word_1_301' title='bbox 305 3326 351 3372; x_wconf 76' lang='grc' dir='ltr'>ΕΤ</span> <span class='ocrx_word' id='word_1_302' title='bbox 370 3322 409 3389; x_wconf 73' lang='grc'>114</span> <span class='ocrx_word' id='word_1_303' title='bbox 428 3321 568 3389; x_wconf 90' lang='lat' dir='ltr'>quomodo</span> <span class='ocrx_word' id='word_1_304' title='bbox 588 3352 620 3359; x_wconf 91' lang='lat'><em>-</em></span> <span class='ocrx_word' id='word_1_305' title='bbox 642 3325 657 3371; x_wconf 70' lang='grc' dir='ltr'><strong>ὅ</strong></span> <span class='ocrx_word' id='word_1_306' title='bbox 677 3320 742 3441; x_wconf 41' lang='lat' dir='ltr'>aad}</span> <span class='ocrx_word' id='word_1_307' title='bbox 762 3321 825 3372; x_wconf 79' lang='lat' dir='ltr'>edd.</span> <span class='ocrx_word' id='word_1_308' title='bbox 843 3321 889 3373; x_wconf 83' lang='lat' dir='ltr'>Ge.</span> <span class='ocrx_word' id='word_1_309' title='bbox 911 3322 920 3389; x_wconf 75' lang='grc'>11</span> <span class='ocrx_word' id='word_1_310' title='bbox 941 3325 957 3372; x_wconf 83' lang='grc'><strong>6</strong></span> <span class='ocrx_word' id='word_1_311' title='bbox 977 3319 1098 3372; x_wconf 85' lang='lat' dir='ltr'>adiectio</span> 
     </span>
     <span class='ocr_line' id='line_1_37' title="bbox 78 3391 1099 3462; baseline 0 -19"><span class='ocrx_word' id='word_1_312' title='bbox 78 3392 139 3462; x_wconf 73' lang='grc' dir='ltr'>ΕΤ]</span> <span class='ocrx_word' id='word_1_313' title='bbox 159 3391 281 3444; x_wconf 84' lang='lat' dir='ltr'>abiectio</span> <span class='ocrx_word' id='word_1_314' title='bbox 308 3395 317 3460; x_wconf 74' lang='grc'>11</span> <span class='ocrx_word' id='word_1_315' title='bbox 345 3398 359 3443; x_wconf 86' lang='grc'><strong>7</strong></span> <span class='ocrx_word' id='word_1_316' title='bbox 381 3392 434 3461; x_wconf 83' lang='lat' dir='ltr'>est]</span> <span class='ocrx_word' id='word_1_317' title='bbox 459 3408 507 3444; x_wconf 82' lang='lat' dir='ltr'>oue.</span> <span class='ocrx_word' id='word_1_318' title='bbox 528 3397 574 3443; x_wconf 76' lang='grc' dir='ltr'>ΕΤ</span> <span class='ocrx_word' id='word_1_319' title='bbox 602 3393 611 3459; x_wconf 85' lang='grc' dir='ltr'>ΙΙ</span> <span class='ocrx_word' id='word_1_320' title='bbox 639 3392 722 3459; x_wconf 81' lang='lat' dir='ltr'>aqui</span> <span class='ocrx_word' id='word_1_321' title='bbox 743 3392 798 3461; x_wconf 86' lang='lat' dir='ltr'>em]</span> <span class='ocrx_word' id='word_1_322' title='bbox 818 3391 894 3458; x_wconf 91' lang='lat' dir='ltr'>quod</span> <span class='ocrx_word' id='word_1_323' title='bbox 912 3396 953 3442; x_wconf 81' lang='lat' dir='ltr'>JP</span> <span class='ocrx_word' id='word_1_324' title='bbox 978 3406 1032 3456; x_wconf 89' lang='lat' dir='ltr'>que</span> <span class='ocrx_word' id='word_1_325' title='bbox 1051 3409 1070 3458; x_wconf 88' lang='grc' dir='ltr'><strong><em>η</em></strong></span> <span class='ocrx_word' id='word_1_326' title='bbox 1090 3391 1099 3457; x_wconf 93' lang='grc' dir='ltr'>ΙΙ</span> 
     </span>
     <span class='ocr_line' id='line_1_38' title="bbox 78 3461 1100 3534; baseline -0.003 -18"><span class='ocrx_word' id='word_1_327' title='bbox 78 3463 203 3534; x_wconf 76' lang='grc' dir='ltr'>91οοοο]</span> <span class='ocrx_word' id='word_1_328' title='bbox 232 3462 285 3515; x_wconf 86' lang='lat' dir='ltr'>hoo</span> <span class='ocrx_word' id='word_1_329' title='bbox 308 3467 403 3514; x_wconf 70' lang='lat' dir='ltr'>EJKT</span> <span class='ocrx_word' id='word_1_330' title='bbox 429 3463 432 3533; x_wconf 72' lang='grc'><strong>1</strong></span> <span class='ocrx_word' id='word_1_331' title='bbox 458 3461 501 3514; x_wconf 89' lang='lat' dir='ltr'>illi</span> <span class='ocrx_word' id='word_1_332' title='bbox 525 3477 540 3514; x_wconf 87' lang='grc' dir='ltr'><strong><em>ο</em></strong></span> <span class='ocrx_word' id='word_1_333' title='bbox 563 3463 683 3532; x_wconf 55' lang='lat' dir='ltr'>pam]</span> <span class='ocrx_word' id='word_1_334' title='bbox 711 3461 769 3514; x_wconf 84' lang='lat' dir='ltr'>illie</span> <span class='ocrx_word' id='word_1_335' title='bbox 789 3479 804 3514; x_wconf 86' lang='lat' dir='ltr'>e</span> <span class='ocrx_word' id='word_1_336' title='bbox 824 3464 869 3514; x_wconf 87' lang='grc' dir='ltr'>λΡ</span> <span class='ocrx_word' id='word_1_337' title='bbox 897 3461 940 3513; x_wconf 87' lang='lat' dir='ltr'>illi</span> <span class='ocrx_word' id='word_1_338' title='bbox 968 3477 1031 3513; x_wconf 87' lang='lat' dir='ltr'>cum</span> <span class='ocrx_word' id='word_1_339' title='bbox 1050 3467 1070 3513; x_wconf 79' lang='grc' dir='ltr'><strong>Ε</strong></span> <span class='ocrx_word' id='word_1_340' title='bbox 1090 3463 1100 3528; x_wconf 71' lang='lat' dir='ltr'>lt</span> 
     </span>
     <span class='ocr_line' id='line_1_39' title="bbox 79 3534 416 3604; baseline -0.006 -18"><span class='ocrx_word' id='word_1_341' title='bbox 79 3540 111 3586; x_wconf 89' lang='lat'>10</span> <span class='ocrx_word' id='word_1_342' title='bbox 130 3534 243 3604; x_wconf 76' lang='lat' dir='ltr'>gustui]</span> <span class='ocrx_word' id='word_1_343' title='bbox 264 3535 364 3586; x_wconf 76' lang='lat' dir='ltr'>desiuit</span> <span class='ocrx_word' id='word_1_344' title='bbox 385 3535 416 3584; x_wconf 88' lang='grc' dir='ltr'><strong>Φ</strong></span> 
     </span>
    </p>
   </div>
   <div class='ocr_carea' id='block_1_6' title="bbox 0 0 1221 3832">
    <p class='ocr_par' dir='ltr' id='par_1_11' title="bbox 0 0 1221 3832">
     <span class='ocr_line' id='line_1_40' title="bbox 0 0 1221 3832; baseline 0 0"><span class='ocrx_word' id='word_1_345' title='bbox 0 0 1221 3832; x_wconf 95' lang='lat' dir='ltr'> </span> 
     </span>
    </p>
   </div>
  </div>
 </body>
</html>
