2408 3832
327 163 462 219 NATUR.
483 164 633 230 QUAEST.
652 165 719 220 ΠΒ.
737 165 771 220 Π.
790 171 905 220 55-51.
1086 166 1128 230 87

144 332 146 336 ”
176 307 227 374 56.
252 309 476 375 Heraclitus
500 311 663 375 existimat
680 312 933 396 fulgurationem
952 334 1021 376 esse
1039 313 1128 377 velut
1148 331 1161 376 1

110 399 195 482 apud
230 421 289 463 nos
326 399 550 482 incipientium
583 401 708 485 ignium
742 405 892 464 conatum
926 405 958 465 et
989 402 1128 484 primam

109 488 272 552 flammam
296 489 458 571 incertam,
481 489 578 553 modo
602 490 823 571 intereuntem,
848 490 943 553 modo
962 513 1128 575 resurgen-

109 581 188 642 tem:
211 576 292 642 haec
315 578 440 660 antiqui
462 579 602 663 fulgetra
622 578 776 643 dicebant.
815 580 958 642 tonitrua
976 602 1035 643 nos
1059 582 1128 662 plu-

81 668 219 732 eraliter
243 667 392 748 dicimus,
423 667 548 749 antiqui
578 670 685 731 autem
713 666 870 731 tonitrum
894 668 1044 732 dixerunt
1074 671 1130 733 aut

109 759 231 820 tonum.
268 753 331 819 hoc
350 756 435 838 apud
455 753 654 820 Caecinam
673 757 811 838 invenio,
830 757 1004 821 facundum
1023 757 1128 821 virum

110 842 179 928 (qai
196 844 362 908 habuisset
378 845 551 927 aliquando
567 846 601 908 in
615 846 800 927 eloquentia
813 867 940 927 nomen,
954 846 1017 909 nisi
1036 847 1128 909 illum

110 931 272 998 Ciceronis
295 934 409 997 umbra
431 931 621 1020 pressisset).
660 935 839 998 etiamnunc
862 935 919 998 illo
938 936 1037 999 verbo
1060 938 1163 999 ute-2

109 1023 227 1086 bantur
249 1023 385 1104 antiqui,
409 1044 473 1105 quo
497 1045 556 1086 nos
580 1023 736 1106 producta
759 1046 823 1086 una
846 1025 971 1106 syllaba
993 1024 1128 1087 utimur:

67 1111 246 1176 redicimus
270 1112 355 1175 enim
379 1115 416 1175 ut
439 1112 606 1194 splendere
629 1114 676 1175 sic
698 1113 835 1197 fulgere,
859 1113 979 1176 stillis
1003 1113 1043 1176 ad
1067 1113 1128 1197 sig·

109 1200 305 1265 nificandum
334 1201 418 1264 hanc
445 1223 463 1264 e
489 1201 629 1264 nubibus
660 1202 784 1265 subitae
813 1203 895 1265 lucis
927 1189 1148 1285 eruptionem'

109 1311 179 1353 mos
199 1293 267 1353 erat
280 1294 427 1372 correpta
445 1289 550 1354 media
567 1291 691 1372 syllaba
708 1291 766 1371 uti,
785 1294 822 1354 ut
836 1290 978 1355 dicerent
996 1291 1127 1375 fulgere.

175 1377 227 1442 57.
253 1377 338 1454 Quid
361 1380 430 1462 ipse
449 1380 638 1461 existimem,
659 1380 786 1462 quaeris
806 1377 926 1465 (adbuc
944 1380 1029 1444 enim
1053 1381 1128 1444 alie
1149 1399 1162 1444 1

107 1468 158 1531 nis
183 1467 390 1551 opinionibus
414 1468 615 1532 commodavi
634 1466 787 1554 manum).
827 1468 938 1533 dicam.
976 1469 1128 1553 fulgurat,

67 1581 94 1622 is
109 1577 183 1620 oum
206 1557 408 1639 repentinum
431 1558 496 1620 late
519 1558 629 1621 lumen
652 1556 797 1641 emicuit3
820 1557 854 1621 id
876 1557 991 1641 evenit,
1014 1559 1071 1622 ubi
1095 1559 1129 1621 in

108 1645 217 1731 ignem
237 1651 290 1708 adr
308 1647 487 1709 extenuatis
509 1646 649 1709 nubibus
667 1646 803 1709 vertitur
821 1668 881 1711 nec
898 1643 991 1729 vires,
1010 1648 1128 1729 quibus

107 1735 237 1820 longius
261 1735 437 1818 prosiliret,
463 1735 593 1798 invenit.
639 1756 706 1797 non
728 1735 868 1816 miraris,
891 1739 980 1819 puto,
1004 1738 1032 1799 si
1055 1740 1163 1800 adres

108 1827 164 1887 aut
179 1827 285 1886 motus
301 1827 452 1887 extenuat
466 1827 521 1886 aut
536 1825 719 1887 extenuatio
739 1823 893 1888 incendit:
913 1826 958 1888 sic
976 1825 1129 1907 liquescit

99 1927 242 1976 'excussa
265 1913 356 1997 glans
380 1912 480 1975 funda
498 1917 530 1976 et
548 1914 661 1975 attritu
680 1913 761 1976 a'e'ris
780 1914 869 1977 velut
887 1915 961 1998 igne
982 1914 1127 1977 destillat.

66 2026 93 2065 eo
107 2002 181 2065 ideo
200 2000 339 2084 plurima
358 2005 476 2065 aestate
496 2005 572 2064 sunt
590 2001 735 2084 fulmina,
755 2023 819 2085 qua
837 2003 1013 2085 plurimum
1033 2002 1128 2066 calidi

107 2094 169 2155 est:
188 2091 315 2154 facilius
330 2095 436 2154 autem
451 2091 563 2153 attritu
579 2090 755 2154 calidorum
771 2092 855 2175 ignis
869 2092 985 2155 existit.
1016 2092 1128 2157 eodem
1147 2109 1164 2156 3

106 2184 216 2244 autem
239 2179 335 2243 modo
358 2179 397 2242 fit
419 2180 538 2264 fulgur,
562 2179 651 2261 quod
673 2183 799 2244 tantum
824 2181 983 2263 splendet,
1012 2185 1044 2244 et
1067 2182 1127 2245 ful·

180 2404 193 2450 1
221 2399 255 2465 cf.
281 2398 419 2452 Heracliti
442 2400 469 2453 A
493 2403 528 2453 14
550 2399 631 2452 Diels
654 2416 684 2467 p.
714 2402 750 2452 64
786 2401 794 2468 99
830 2404 847 2451 6
876 2398 1009 2453 anciaa:
1037 2416 1066 2468 p.
1093 2402 1129 2453 42

105 2469 306 2611 (969ιὲ9ὲέἔέ
318 2469 352 2535 cf.
369 2469 476 2524 ereaa.
497 2471 520 2524 b.
540 2470 705 2524 eV11513
724 2476 749 2524 et
766 2471 857 2554 calido
877 2470 1041 2539 liquefactae
1054 2486 1128 2538 poa-

180 2750 193 2795 1
211 2744 376 2816 heraclitus]
395 2747 582 2799 herodotusA
602 2748 611 2815 99
629 2752 646 2799 2
661 2748 806 2819 conatum]
821 2749 972 2801 conatusA
993 2747 1001 2815 99
1019 2751 1037 2798 4
1055 2746 1128 2800 toni-

106 2817 173 2869 trua
191 2816 263 2886 ΔΦ]
288 2819 394 2870 -truum
420 2819 423 2886 9
455 2817 632 2889 eruerunt]
653 2817 783 2871 dixerant
800 2820 878 2871 1111
904 2819 912 2886 99
937 2823 954 2870 6
973 2817 1038 2889 hoc]
1058 2817 1128 2872 haec

107 2888 154 2940 M
180 2888 189 2955 99
214 2893 229 2939 1
250 2887 298 2956 qui
318 2891 420 2943 Maret.
461 2888 484 2941 si
504 2889 575 2942 trad.
596 2891 625 2943 ct
650 2889 699 2956 qui
717 2896 764 2941 H
789 2893 793 2957 9
820 2889 986 2959 aliqnando]
1005 2905 1055 2942 om.
1076 2892 1100 2941 Δ
1122 2891 1125 2958 9

107 2957 176 3029 nisi]
196 2960 225 3011 et
243 2959 298 3012 nisi
312 2963 336 3012 Δ
355 2961 364 3029 99
383 2965 399 3012 8
419 2959 582 3014 etiamnunc
596 2958 664 3031 M]
684 2961 772 3014 etiam
791 2977 859 3027 non,
879 2961 1034 3014 etiamnum
1049 2960 1105 3013 Leo
1119 2962 1128 3029 99

107 3035 125 3080 9
144 3029 212 3100 quo]
233 3033 368 3099 correpto,
388 3047 443 3098 quo
463 3034 487 3084 Δ
509 3034 513 3100 9
535 3030 637 3085 sillaba
655 3032 740 3103 trad]
760 3049 810 3085 ora.
831 3031 991 3102 1991091]
1011 3048 1061 3086 ora.
1081 3049 1101 3103 ρ
1120 3034 1128 3100 99

106 3106 136 3152 11
155 3100 276 3172 subitae]
305 3102 428 3155 subitam
456 3108 520 3156 uate
543 3102 687 3156 enubA
719 3106 722 3172 9
752 3102 806 3156 luc.
826 3105 916 3171 erupt.
935 3103 1008 3174 ΔΦ]
1037 3105 1128 3171 erupt.

107 3171 161 3225 luc.
182 3175 206 3224 A
234 3174 243 3240 99
270 3177 301 3224 la
321 3189 388 3227 corr.
410 3205 443 3212 —
462 3173 517 3244 uti]
543 3173 586 3227 uti
611 3174 706 3227 media
730 3173 784 3227 sill.
805 3190 872 3227 corr.
900 3177 978 3243 (corr.
998 3191 1034 3226 m.
1055 3191 1075 3227 s.
1095 3177 1128 3242 Δ)

108 3244 132 3296 Δ
152 3244 211 3312 9914
230 3245 340 3314 comm]
361 3244 572 3298 accommodaui
591 3247 615 3299 A
640 3247 697 3313 9915
718 3246 793 3316 cum]
814 3247 978 3313 91119916
998 3246 1057 3315 aer]
1076 3262 1127 3298 om.

107 3316 266 3381 swan)
284 3317 293 3384 99
311 3321 340 3368 11
361 3315 515 3386 prosiliret]
535 3315 665 3384 prosiliat
679 3320 703 3369 A
725 3319 728 3385 9
750 3316 784 3387 si]
806 3318 883 3369 seta
902 3319 960 3384 9919
979 3317 1049 3369 dest.
1067 3316 1127 3387 Ge]

108 3384 231 3438 distillat
244 3387 253 3455 99
266 3391 301 3438 20
315 3388 444 3456 (mostata
458 3385 581 3455 plurima
595 3389 653 3441 coll.
670 3391 694 3440 A
712 3391 715 3453 Ι
732 3404 788 3454 qua
802 3388 909 3458 Haase]
925 3387 993 3455 qnia
1009 3390 1013 3455 9
1029 3386 1124 3455 calidi]

108 3455 245 3509 calidaA
269 3458 277 3525 99
300 3463 331 3510 21
351 3457 517 3528 calidorum]
547 3457 709 3511 calidicrA
737 3462 746 3526 99
773 3464 808 3511 22
826 3457 922 3527 fulgur
942 3459 979 3529 a]
1008 3457 1130 3526 fulgor]

107 3527 196 3598 quod]
216 3527 264 3594 qui
279 3531 329 3581 ΔΤ
349 3533 353 3598 9
375 3529 517 3602 splendet]
537 3529 669 3601 fulgetA
