<?xml version="1.0" encoding="UTF-8"?>
<!DOCTYPE html PUBLIC "-//W3C//DTD XHTML 1.0 Transitional//EN"
    "http://www.w3.org/TR/xhtml1/DTD/xhtml1-transitional.dtd">
<html xmlns="http://www.w3.org/1999/xhtml" xml:lang="en" lang="en">
 <head>
  <title>
</title>
<meta http-equiv="Content-Type" content="text/html;charset=utf-8" />
  <meta name='ocr-system' content='tesseract 3.04.00' />
  <meta name='ocr-capabilities' content='ocr_page ocr_carea ocr_par ocr_line ocrx_word'/>
</head>
<body>
  <div class='ocr_page' id='page_1' title='image "./lannaeisenecaeo04senegoog_0024.png"; bbox 0 0 2408 3832; ppageno 0'>
   <div class='ocr_carea' id='block_1_1' title="bbox 122 178 735 235">
    <p class='ocr_par' dir='ltr' id='par_1_1' title="bbox 122 178 735 235">
     <span class='ocr_line' id='line_1_1' title="bbox 122 178 735 235; baseline -0.002 0"><span class='ocrx_word' id='word_1_1' title='bbox 122 181 174 235; x_wconf 88' lang='lat' dir='ltr'>XX</span> <span class='ocrx_word' id='word_1_2' title='bbox 529 178 735 234; x_wconf 72' lang='lat' dir='ltr'><strong>PRAEFATIO</strong></span> 
     </span>
    </p>
   </div>
   <div class='ocr_carea' id='block_1_2' title="bbox 122 330 1147 1474">
    <p class='ocr_par' dir='ltr' id='par_1_2' title="bbox 122 330 1146 569">
     <span class='ocr_line' id='line_1_2' title="bbox 124 330 1145 409; baseline 0 -19"><span class='ocrx_word' id='word_1_3' title='bbox 124 332 208 390; x_wconf 88' lang='lat' dir='ltr'>Diels</span> <span class='ocrx_word' id='word_1_4' title='bbox 231 333 346 407; x_wconf 87' lang='lat' dir='ltr'>primus</span> <span class='ocrx_word' id='word_1_5' title='bbox 368 330 459 407; x_wconf 86' lang='lat' dir='ltr'>vidit,</span> <span class='ocrx_word' id='word_1_6' title='bbox 482 330 682 406; x_wconf 89' lang='lat' dir='ltr'>Byzantinum</span> <span class='ocrx_word' id='word_1_7' title='bbox 705 332 856 409; x_wconf 89' lang='lat' dir='ltr'>integrum</span> <span class='ocrx_word' id='word_1_8' title='bbox 881 330 991 389; x_wconf 90' lang='lat' dir='ltr'>librum</span> <span class='ocrx_word' id='word_1_9' title='bbox 1013 331 1086 388; x_wconf 85' lang='lat' dir='ltr'>lVa</span> <span class='ocrx_word' id='word_1_10' title='bbox 1106 331 1145 390; x_wconf 93' lang='lat' dir='ltr'>de</span> 
     </span>
     <span class='ocr_line' id='line_1_3' title="bbox 122 419 1146 498; baseline -0.003 -18"><span class='ocrx_word' id='word_1_11' title='bbox 122 421 193 480; x_wconf 86' lang='lat' dir='ltr'>Nilo</span> <span class='ocrx_word' id='word_1_12' title='bbox 222 422 366 496; x_wconf 90' lang='lat' dir='ltr'>scriptum</span> <span class='ocrx_word' id='word_1_13' title='bbox 392 419 508 498; x_wconf 78' lang='lat' dir='ltr'><strong>legisse.</strong></span> <span class='ocrx_word' id='word_1_14' title='bbox 555 439 615 495; x_wconf 83' lang='lat' dir='ltr'>qua</span> <span class='ocrx_word' id='word_1_15' title='bbox 643 419 679 478; x_wconf 92' lang='lat' dir='ltr'>de</span> <span class='ocrx_word' id='word_1_16' title='bbox 706 438 796 478; x_wconf 89' lang='lat' dir='ltr'>causa</span> <span class='ocrx_word' id='word_1_17' title='bbox 823 420 911 478; x_wconf 91' lang='lat' dir='ltr'>buius</span> <span class='ocrx_word' id='word_1_18' title='bbox 940 423 1079 495; x_wconf 84' lang='lat' dir='ltr'>excerpta</span> <span class='ocrx_word' id='word_1_19' title='bbox 1104 421 1146 478; x_wconf 92' lang='lat' dir='ltr'>ad</span> 
     </span>
     <span class='ocr_line' id='line_1_4' title="bbox 123 509 928 569; baseline -0.005 0"><span class='ocrx_word' id='word_1_20' title='bbox 123 510 234 569; x_wconf 79' lang='lat' dir='ltr'>calcem</span> <span class='ocrx_word' id='word_1_21' title='bbox 256 509 328 568; x_wconf 86' lang='lat' dir='ltr'>libri</span> <span class='ocrx_word' id='word_1_22' title='bbox 351 509 461 567; x_wconf 91' lang='lat' dir='ltr'>addidi.</span> <span class='ocrx_word' id='word_1_23' title='bbox 739 525 741 530; x_wconf 91' lang='lat'>·</span> <span class='ocrx_word' id='word_1_24' title='bbox 927 551 928 554; x_wconf 63' lang='lat'>,</span> 
     </span>
    </p>

    <p class='ocr_par' dir='ltr' id='par_1_3' title="bbox 122 597 1147 1474">
     <span class='ocr_line' id='line_1_5' title="bbox 190 597 1146 674; baseline 0 -18"><span class='ocrx_word' id='word_1_25' title='bbox 190 599 246 657; x_wconf 89' lang='lat' dir='ltr'>His</span> <span class='ocrx_word' id='word_1_26' title='bbox 266 598 457 674; x_wconf 75' lang='lat' dir='ltr'>antiquitatis</span> <span class='ocrx_word' id='word_1_27' title='bbox 475 597 600 657; x_wconf 87' lang='lat' dir='ltr'>testibus</span> <span class='ocrx_word' id='word_1_28' title='bbox 619 598 796 657; x_wconf 82' lang='lat' dir='ltr'>recentiores</span> <span class='ocrx_word' id='word_1_29' title='bbox 813 598 959 656; x_wconf 87' lang='lat' dir='ltr'>accedunt</span> <span class='ocrx_word' id='word_1_30' title='bbox 971 598 1056 656; x_wconf 84' lang='lat' dir='ltr'>velut</span> <span class='ocrx_word' id='word_1_31' title='bbox 1069 597 1146 656; x_wconf 89' lang='lat' dir='ltr'>Vin-</span> 
     </span>
     <span class='ocr_line' id='line_1_6' title="bbox 124 686 1145 764; baseline -0.001 -17"><span class='ocrx_word' id='word_1_32' title='bbox 124 690 239 747; x_wconf 83' lang='lat' dir='ltr'>centius</span> <span class='ocrx_word' id='word_1_33' title='bbox 261 687 482 747; x_wconf 80' lang='lat' dir='ltr'>Bellovacensis</span> <span class='ocrx_word' id='word_1_34' title='bbox 505 689 536 746; x_wconf 91' lang='lat' dir='ltr'>et</span> <span class='ocrx_word' id='word_1_35' title='bbox 558 687 700 745; x_wconf 81' lang='lat' dir='ltr'>Albertus</span> <span class='ocrx_word' id='word_1_36' title='bbox 723 687 860 764; x_wconf 84' lang='lat' dir='ltr'>Magnus,</span> <span class='ocrx_word' id='word_1_37' title='bbox 884 687 936 761; x_wconf 88' lang='lat' dir='ltr'>qui</span> <span class='ocrx_word' id='word_1_38' title='bbox 959 686 1057 745; x_wconf 92' lang='lat' dir='ltr'>medio</span> <span class='ocrx_word' id='word_1_39' title='bbox 1080 688 1145 746; x_wconf 82' lang='lat' dir='ltr'>fere</span> 
     </span>
     <span class='ocr_line' id='line_1_7' title="bbox 123 767 1145 857; baseline 0 -21"><span class='ocrx_word' id='word_1_40' title='bbox 123 795 198 837; x_wconf 88' lang='lat' dir='ltr'>saec.</span> <span class='ocrx_word' id='word_1_41' title='bbox 213 775 288 835; x_wconf 89' lang='lat' dir='ltr'>XIII</span> <span class='ocrx_word' id='word_1_42' title='bbox 301 776 371 835; x_wconf 85' lang='lat' dir='ltr'>Nat.</span> <span class='ocrx_word' id='word_1_43' title='bbox 387 775 581 846; x_wconf 84' lang='lat' dir='ltr'>Quaestiones</span> <span class='ocrx_word' id='word_1_44' title='bbox 600 778 809 851; x_wconf 85' lang='lat' dir='ltr'>excerpserunt</span> <span class='ocrx_word' id='word_1_45' title='bbox 828 767 927 857; x_wconf 84' lang='lat' dir='ltr'>(Stud.</span> <span class='ocrx_word' id='word_1_46' title='bbox 942 776 956 833; x_wconf 95' lang='lat' dir='ltr'>I</span> <span class='ocrx_word' id='word_1_47' title='bbox 972 768 1038 856; x_wconf 80' lang='lat'>89).</span> <span class='ocrx_word' id='word_1_48' title='bbox 1069 776 1145 836; x_wconf 85' lang='lat' dir='ltr'>hacc</span> 
     </span>
     <span class='ocr_line' id='line_1_8' title="bbox 122 864 1146 942; baseline -0.002 -17"><span class='ocrx_word' id='word_1_49' title='bbox 122 866 297 925; x_wconf 85' lang='lat' dir='ltr'>testimonia</span> <span class='ocrx_word' id='word_1_50' title='bbox 327 867 357 924; x_wconf 90' lang='lat' dir='ltr'>ct</span> <span class='ocrx_word' id='word_1_51' title='bbox 386 866 488 942; x_wconf 90' lang='lat' dir='ltr'>ampla</span> <span class='ocrx_word' id='word_1_52' title='bbox 518 868 548 924; x_wconf 91' lang='lat' dir='ltr'>et</span> <span class='ocrx_word' id='word_1_53' title='bbox 576 867 691 923; x_wconf 88' lang='lat' dir='ltr'>sincera</span> <span class='ocrx_word' id='word_1_54' title='bbox 719 864 821 942; x_wconf 89' lang='lat' dir='ltr'>magui</span> <span class='ocrx_word' id='word_1_55' title='bbox 849 864 1063 938; x_wconf 78' lang='lat' dir='ltr'>aestimabant,</span> <span class='ocrx_word' id='word_1_56' title='bbox 1091 865 1146 941; x_wconf 89' lang='lat' dir='ltr'>qui</span> 
     </span>
     <span class='ocr_line' id='line_1_9' title="bbox 123 951 1146 1026; baseline -0.002 -12"><span class='ocrx_word' id='word_1_57' title='bbox 123 954 296 1014; x_wconf 90' lang='lat' dir='ltr'>melioribus</span> <span class='ocrx_word' id='word_1_58' title='bbox 316 954 468 1013; x_wconf 86' lang='lat' dir='ltr'>codicibus</span> <span class='ocrx_word' id='word_1_59' title='bbox 483 955 632 1026; x_wconf 87' lang='lat' dir='ltr'>carebant,</span> <span class='ocrx_word' id='word_1_60' title='bbox 650 954 750 1012; x_wconf 87' lang='lat' dir='ltr'>Haase</span> <span class='ocrx_word' id='word_1_61' title='bbox 764 954 889 1012; x_wconf 86' lang='lat' dir='ltr'>Lariach</span> <span class='ocrx_word' id='word_1_62' title='bbox 903 951 937 1011; x_wconf 83' lang='lat' dir='ltr'>G.</span> <span class='ocrx_word' id='word_1_63' title='bbox 948 953 1057 1012; x_wconf 76' lang='lat' dir='ltr'>Miiller</span> <span class='ocrx_word' id='word_1_64' title='bbox 1077 954 1146 1012; x_wconf 90' lang='lat' dir='ltr'>alii:</span> 
     </span>
     <span class='ocr_line' id='line_1_10' title="bbox 123 1042 1146 1120; baseline -0.002 -17"><span class='ocrx_word' id='word_1_65' title='bbox 123 1062 203 1103; x_wconf 90' lang='lat' dir='ltr'>nuuc</span> <span class='ocrx_word' id='word_1_66' title='bbox 224 1046 386 1120; x_wconf 89' lang='lat' dir='ltr'>postquam</span> <span class='ocrx_word' id='word_1_67' title='bbox 404 1044 519 1102; x_wconf 90' lang='lat' dir='ltr'>codices</span> <span class='ocrx_word' id='word_1_68' title='bbox 542 1043 652 1120; x_wconf 77' lang='lat' dir='ltr'>integri</span> <span class='ocrx_word' id='word_1_69' title='bbox 676 1042 701 1101; x_wconf 91' lang='lat' dir='ltr'>si</span> <span class='ocrx_word' id='word_1_70' title='bbox 725 1061 784 1102; x_wconf 90' lang='lat' dir='ltr'>non</span> <span class='ocrx_word' id='word_1_71' title='bbox 806 1043 866 1118; x_wconf 85' lang='lat' dir='ltr'>ipsi</span> <span class='ocrx_word' id='word_1_72' title='bbox 890 1043 926 1101; x_wconf 91' lang='lat' dir='ltr'>ab</span> <span class='ocrx_word' id='word_1_73' title='bbox 949 1043 1011 1101; x_wconf 90' lang='lat' dir='ltr'>illis</span> <span class='ocrx_word' id='word_1_74' title='bbox 1034 1043 1146 1102; x_wconf 86' lang='lat' dir='ltr'>exhau-</span> 
     </span>
     <span class='ocr_line' id='line_1_11' title="bbox 123 1123 1146 1213; baseline -0.001 -21"><span class='ocrx_word' id='word_1_75' title='bbox 123 1133 163 1192; x_wconf 92' lang='lat' dir='ltr'>sti</span> <span class='ocrx_word' id='word_1_76' title='bbox 185 1137 287 1191; x_wconf 89' lang='lat' dir='ltr'>tamen</span> <span class='ocrx_word' id='word_1_77' title='bbox 309 1132 441 1191; x_wconf 90' lang='lat' dir='ltr'>eiusdem</span> <span class='ocrx_word' id='word_1_78' title='bbox 463 1135 551 1190; x_wconf 87' lang='lat' dir='ltr'>notae</span> <span class='ocrx_word' id='word_1_79' title='bbox 570 1130 669 1212; x_wconf 79' lang='lat' dir='ltr'>(stud.</span> <span class='ocrx_word' id='word_1_80' title='bbox 689 1131 704 1189; x_wconf 95' lang='lat' dir='ltr'>I</span> <span class='ocrx_word' id='word_1_81' title='bbox 724 1134 764 1190; x_wconf 88' lang='grc'>49</span> <span class='ocrx_word' id='word_1_82' title='bbox 776 1150 819 1207; x_wconf 87' lang='lat' dir='ltr'>sq.</span> <span class='ocrx_word' id='word_1_83' title='bbox 841 1133 883 1191; x_wconf 82' lang='lat'>70</span> <span class='ocrx_word' id='word_1_84' title='bbox 892 1123 950 1213; x_wconf 87' lang='lat' dir='ltr'>sq.)</span> <span class='ocrx_word' id='word_1_85' title='bbox 970 1150 1030 1190; x_wconf 89' lang='lat' dir='ltr'>non</span> <span class='ocrx_word' id='word_1_86' title='bbox 1053 1135 1146 1207; x_wconf 87' lang='lat' dir='ltr'>pauci</span> 
     </span>
     <span class='ocr_line' id='line_1_12' title="bbox 124 1220 1147 1295; baseline -0.001 -15"><span class='ocrx_word' id='word_1_87' title='bbox 124 1222 210 1281; x_wconf 90' lang='lat' dir='ltr'>nobis</span> <span class='ocrx_word' id='word_1_88' title='bbox 232 1221 435 1295; x_wconf 84' lang='lat' dir='ltr'>innotuerunt,</span> <span class='ocrx_word' id='word_1_89' title='bbox 458 1220 549 1279; x_wconf 88' lang='lat' dir='ltr'>missa</span> <span class='ocrx_word' id='word_1_90' title='bbox 568 1222 703 1279; x_wconf 84' lang='lat' dir='ltr'>facimus.</span> <span class='ocrx_word' id='word_1_91' title='bbox 740 1240 831 1278; x_wconf 89' lang='lat' dir='ltr'>uuam</span> <span class='ocrx_word' id='word_1_92' title='bbox 850 1222 1147 1280; x_wconf 79' lang='lat' dir='ltr'>commemoraverim</span> 
     </span>
     <span class='ocr_line' id='line_1_13' title="bbox 125 1307 1146 1386; baseline -0.002 -17"><span class='ocrx_word' id='word_1_93' title='bbox 125 1313 267 1370; x_wconf 87' lang='lat' dir='ltr'>notitiam</span> <span class='ocrx_word' id='word_1_94' title='bbox 285 1309 378 1369; x_wconf 90' lang='lat' dir='ltr'>medii</span> <span class='ocrx_word' id='word_1_95' title='bbox 396 1310 462 1368; x_wconf 85' lang='lat' dir='ltr'>aevi</span> <span class='ocrx_word' id='word_1_96' title='bbox 480 1309 620 1383; x_wconf 65' lang='lat' dir='ltr'>ineuntis</span> <span class='ocrx_word' id='word_1_97' title='bbox 639 1329 731 1386; x_wconf 89' lang='lat' dir='ltr'>quarn</span> <span class='ocrx_word' id='word_1_98' title='bbox 750 1328 836 1368; x_wconf 89' lang='lat' dir='ltr'>curae</span> <span class='ocrx_word' id='word_1_99' title='bbox 856 1307 976 1369; x_wconf 85' lang='lat' dir='ltr'>Ottonis</span> <span class='ocrx_word' id='word_1_100' title='bbox 991 1310 1146 1370; x_wconf 83' lang='lat' dir='ltr'>Rossbach</span> 
     </span>
     <span class='ocr_line' id='line_1_14' title="bbox 124 1397 1144 1474; baseline -0.002 -16"><span class='ocrx_word' id='word_1_101' title='bbox 124 1400 225 1473; x_wconf 83' lang='lat' dir='ltr'>debeo,</span> <span class='ocrx_word' id='word_1_102' title='bbox 244 1399 408 1458; x_wconf 87' lang='lat' dir='ltr'>Annalium</span> <span class='ocrx_word' id='word_1_103' title='bbox 428 1397 649 1457; x_wconf 77' lang='lat' dir='ltr'>Coloniensium</span> <span class='ocrx_word' id='word_1_104' title='bbox 667 1417 744 1456; x_wconf 86' lang='lat' dir='ltr'>max.</span> <span class='ocrx_word' id='word_1_105' title='bbox 768 1399 807 1456; x_wconf 91' lang='lat' dir='ltr'>ad</span> <span class='ocrx_word' id='word_1_106' title='bbox 829 1398 844 1456; x_wconf 95' lang='lat' dir='ltr'>I</span> <span class='ocrx_word' id='word_1_107' title='bbox 865 1401 926 1473; x_wconf 79' lang='lat'>2,1</span> <span class='ocrx_word' id='word_1_108' title='bbox 953 1401 1144 1474; x_wconf 80' lang='lat' dir='ltr'>exscriptam.</span> 
     </span>
    </p>
   </div>
   <div class='ocr_carea' id='block_1_3' title="bbox 210 1605 1056 1693">
    <p class='ocr_par' dir='ltr' id='par_1_4' title="bbox 210 1605 1056 1693">
     <span class='ocr_line' id='line_1_15' title="bbox 210 1605 1056 1693; baseline -0.004 -20"><span class='ocrx_word' id='word_1_109' title='bbox 210 1607 265 1673; x_wconf 86' lang='lat' dir='ltr'>IV.</span> <span class='ocrx_word' id='word_1_110' title='bbox 297 1608 343 1673; x_wconf 79' lang='lat' dir='ltr'>lu</span> <span class='ocrx_word' id='word_1_111' title='bbox 367 1605 543 1692; x_wconf 83' lang='lat' dir='ltr'>archetypo</span> <span class='ocrx_word' id='word_1_112' title='bbox 567 1605 702 1671; x_wconf 83' lang='lat' dir='ltr'>familiis</span> <span class='ocrx_word' id='word_1_113' title='bbox 727 1606 885 1693; x_wconf 82' lang='lat' dir='ltr'>stirpibus</span> <span class='ocrx_word' id='word_1_114' title='bbox 910 1605 1056 1672; x_wconf 87' lang='lat' dir='ltr'>codicum</span> 
     </span>
    </p>
   </div>
   <div class='ocr_carea' id='block_1_4' title="bbox 116 1754 1158 3615">
    <p class='ocr_par' dir='ltr' id='par_1_5' title="bbox 125 1754 1158 2720">
     <span class='ocr_line' id='line_1_16' title="bbox 194 1754 1148 1824; baseline -0.001 -10"><span class='ocrx_word' id='word_1_115' title='bbox 194 1755 278 1814; x_wconf 89' lang='lat' dir='ltr'>Unus</span> <span class='ocrx_word' id='word_1_116' title='bbox 315 1758 433 1814; x_wconf 84' lang='lat' dir='ltr'>tantum</span> <span class='ocrx_word' id='word_1_117' title='bbox 466 1754 659 1813; x_wconf 88' lang='lat' dir='ltr'>Naturalium</span> <span class='ocrx_word' id='word_1_118' title='bbox 693 1754 906 1824; x_wconf 84' lang='lat' dir='ltr'>Quaestionum</span> <span class='ocrx_word' id='word_1_119' title='bbox 942 1754 1019 1813; x_wconf 88' lang='lat' dir='ltr'>liber</span> <span class='ocrx_word' id='word_1_120' title='bbox 1054 1774 1148 1813; x_wconf 87' lang='lat' dir='ltr'>manu</span> 
     </span>
     <span class='ocr_line' id='line_1_17' title="bbox 126 1842 1145 1920; baseline -0.001 -17"><span class='ocrx_word' id='word_1_121' title='bbox 126 1845 255 1920; x_wconf 88' lang='lat' dir='ltr'>scriptus</span> <span class='ocrx_word' id='word_1_122' title='bbox 288 1844 411 1903; x_wconf 91' lang='lat' dir='ltr'>seorsim</span> <span class='ocrx_word' id='word_1_123' title='bbox 443 1863 461 1902; x_wconf 91' lang='lat' dir='ltr'>a</span> <span class='ocrx_word' id='word_1_124' title='bbox 494 1843 599 1902; x_wconf 89' lang='lat' dir='ltr'>ceteris</span> <span class='ocrx_word' id='word_1_125' title='bbox 627 1842 756 1901; x_wconf 87' lang='lat' dir='ltr'>Senecae</span> <span class='ocrx_word' id='word_1_126' title='bbox 788 1843 872 1903; x_wconf 88' lang='lat' dir='ltr'>libris</span> <span class='ocrx_word' id='word_1_127' title='bbox 898 1842 1028 1902; x_wconf 84' lang='lat' dir='ltr'>traditus</span> <span class='ocrx_word' id='word_1_128' title='bbox 1058 1846 1145 1919; x_wconf 90' lang='lat' dir='ltr'>isque</span> 
     </span>
     <span class='ocr_line' id='line_1_18' title="bbox 125 1930 1158 2009; baseline 0.001 -18"><span class='ocrx_word' id='word_1_129' title='bbox 125 1936 186 1992; x_wconf 91' lang='lat' dir='ltr'>iam</span> <span class='ocrx_word' id='word_1_130' title='bbox 208 1937 364 1993; x_wconf 89' lang='lat' dir='ltr'>truncatus</span> <span class='ocrx_word' id='word_1_131' title='bbox 383 1932 575 2009; x_wconf 82' lang='lat' dir='ltr'>compagibus</span> <span class='ocrx_word' id='word_1_132' title='bbox 595 1933 703 1991; x_wconf 90' lang='lat' dir='ltr'>solutis</span> <span class='ocrx_word' id='word_1_133' title='bbox 721 1936 752 1991; x_wconf 87' lang='lat' dir='ltr'>et</span> <span class='ocrx_word' id='word_1_134' title='bbox 770 1932 900 1992; x_wconf 89' lang='lat' dir='ltr'>discissis</span> <span class='ocrx_word' id='word_1_135' title='bbox 919 1935 1050 1991; x_wconf 88' lang='lat' dir='ltr'>aetatem</span> <span class='ocrx_word' id='word_1_136' title='bbox 1072 1930 1158 1992; x_wconf 85' lang='lat' dir='ltr'>tulit</span> 
     </span>
     <span class='ocr_line' id='line_1_19' title="bbox 128 2015 1147 2103; baseline -0.001 -22"><span class='ocrx_word' id='word_1_137' title='bbox 128 2015 228 2103; x_wconf 86' lang='lat' dir='ltr'>(Stud.</span> <span class='ocrx_word' id='word_1_138' title='bbox 247 2022 263 2080; x_wconf 92' lang='lat' dir='ltr'>I</span> <span class='ocrx_word' id='word_1_139' title='bbox 283 2024 324 2082; x_wconf 86' lang='grc'>86</span> <span class='ocrx_word' id='word_1_140' title='bbox 336 2041 398 2098; x_wconf 92' lang='lat' dir='ltr'>sqq.</span> <span class='ocrx_word' id='word_1_141' title='bbox 423 2015 516 2101; x_wconf 75' lang='lat'>115),</span> <span class='ocrx_word' id='word_1_142' title='bbox 567 2040 601 2080; x_wconf 91' lang='lat' dir='ltr'>eo</span> <span class='ocrx_word' id='word_1_143' title='bbox 634 2024 714 2079; x_wconf 89' lang='lat' dir='ltr'>enim</span> <span class='ocrx_word' id='word_1_144' title='bbox 745 2024 895 2096; x_wconf 86' lang='lat' dir='ltr'>tempore,</span> <span class='ocrx_word' id='word_1_145' title='bbox 924 2040 983 2096; x_wconf 91' lang='lat' dir='ltr'>quo</span> <span class='ocrx_word' id='word_1_146' title='bbox 1014 2023 1147 2097; x_wconf 89' lang='lat' dir='ltr'>primum</span> 
     </span>
     <span class='ocr_line' id='line_1_20' title="bbox 128 2110 1146 2187; baseline -0.001 -16"><span class='ocrx_word' id='word_1_147' title='bbox 128 2113 294 2187; x_wconf 87' lang='lat' dir='ltr'>descriptus</span> <span class='ocrx_word' id='word_1_148' title='bbox 318 2114 373 2185; x_wconf 89' lang='lat' dir='ltr'>est,</span> <span class='ocrx_word' id='word_1_149' title='bbox 395 2110 463 2169; x_wconf 86' lang='lat' dir='ltr'>finis</span> <span class='ocrx_word' id='word_1_150' title='bbox 486 2111 556 2169; x_wconf 88' lang='lat' dir='ltr'>libri</span> <span class='ocrx_word' id='word_1_151' title='bbox 578 2110 648 2168; x_wconf 93' lang='lat' dir='ltr'>IVa</span> <span class='ocrx_word' id='word_1_152' title='bbox 672 2114 701 2169; x_wconf 89' lang='lat' dir='ltr'>et</span> <span class='ocrx_word' id='word_1_153' title='bbox 724 2110 845 2169; x_wconf 91' lang='lat' dir='ltr'>initium</span> <span class='ocrx_word' id='word_1_154' title='bbox 867 2110 937 2169; x_wconf 89' lang='lat' dir='ltr'>libri</span> <span class='ocrx_word' id='word_1_155' title='bbox 955 2110 1026 2169; x_wconf 89' lang='lat' dir='ltr'>IVb</span> <span class='ocrx_word' id='word_1_156' title='bbox 1045 2111 1146 2170; x_wconf 89' lang='lat' dir='ltr'>nescio</span> 
     </span>
     <span class='ocr_line' id='line_1_21' title="bbox 127 2199 1147 2276; baseline -0.002 -15"><span class='ocrx_word' id='word_1_157' title='bbox 127 2220 167 2261; x_wconf 81' lang='lat' dir='ltr'>an</span> <span class='ocrx_word' id='word_1_158' title='bbox 191 2200 417 2276; x_wconf 89' lang='lat' dir='ltr'>quaternionem</span> <span class='ocrx_word' id='word_1_159' title='bbox 445 2199 583 2276; x_wconf 83' lang='lat' dir='ltr'>amplexa</span> <span class='ocrx_word' id='word_1_160' title='bbox 610 2199 835 2273; x_wconf 86' lang='lat' dir='ltr'>interciderant,</span> <span class='ocrx_word' id='word_1_161' title='bbox 857 2202 963 2276; x_wconf 88' lang='lat' dir='ltr'>postea</span> <span class='ocrx_word' id='word_1_162' title='bbox 985 2201 1074 2275; x_wconf 88' lang='lat' dir='ltr'>plura</span> <span class='ocrx_word' id='word_1_163' title='bbox 1096 2200 1147 2259; x_wconf 89' lang='lat' dir='ltr'>de·</span> 
     </span>
     <span class='ocr_line' id='line_1_22' title="bbox 127 2288 1147 2349; baseline 0.001 -1"><span class='ocrx_word' id='word_1_164' title='bbox 127 2291 264 2349; x_wconf 85' lang='lat' dir='ltr'>fecerunt</span> <span class='ocrx_word' id='word_1_165' title='bbox 291 2290 372 2349; x_wconf 85' lang='lat' dir='ltr'>foliis</span> <span class='ocrx_word' id='word_1_166' title='bbox 400 2288 461 2347; x_wconf 90' lang='lat' dir='ltr'>illis</span> <span class='ocrx_word' id='word_1_167' title='bbox 489 2290 607 2348; x_wconf 86' lang='lat' dir='ltr'>amissis</span> <span class='ocrx_word' id='word_1_168' title='bbox 630 2288 737 2348; x_wconf 84' lang='lat' dir='ltr'>vicina.</span> <span class='ocrx_word' id='word_1_169' title='bbox 784 2289 904 2349; x_wconf 84' lang='lat' dir='ltr'>litterae</span> <span class='ocrx_word' id='word_1_170' title='bbox 930 2291 1021 2348; x_wconf 90' lang='lat' dir='ltr'>buius</span> <span class='ocrx_word' id='word_1_171' title='bbox 1048 2307 1147 2349; x_wconf 88' lang='lat' dir='ltr'>exem-</span> 
     </span>
     <span class='ocr_line' id='line_1_23' title="bbox 125 2377 1146 2456; baseline 0.001 -19"><span class='ocrx_word' id='word_1_172' title='bbox 125 2379 219 2455; x_wconf 83' lang='lat' dir='ltr'>plaris</span> <span class='ocrx_word' id='word_1_173' title='bbox 239 2378 312 2437; x_wconf 86' lang='lat' dir='ltr'>satis</span> <span class='ocrx_word' id='word_1_174' title='bbox 330 2380 444 2438; x_wconf 84' lang='lat' dir='ltr'>vetusti</span> <span class='ocrx_word' id='word_1_175' title='bbox 463 2380 494 2436; x_wconf 88' lang='lat' dir='ltr'>et</span> <span class='ocrx_word' id='word_1_176' title='bbox 511 2377 614 2436; x_wconf 85' lang='lat' dir='ltr'>detriti</span> <span class='ocrx_word' id='word_1_177' title='bbox 638 2396 656 2435; x_wconf 92' lang='lat' dir='ltr'>a</span> <span class='ocrx_word' id='word_1_178' title='bbox 683 2377 786 2437; x_wconf 89' lang='lat' dir='ltr'>scribis</span> <span class='ocrx_word' id='word_1_179' title='bbox 810 2381 919 2437; x_wconf 86' lang='lat' dir='ltr'>aetatis</span> <span class='ocrx_word' id='word_1_180' title='bbox 939 2377 1146 2456; x_wconf 71' lang='lat' dir='ltr'>carolingicae</span> 
     </span>
     <span class='ocr_line' id='line_1_24' title="bbox 127 2466 1147 2546; baseline 0 -20"><span class='ocrx_word' id='word_1_181' title='bbox 127 2486 216 2546; x_wconf 89' lang='lat' dir='ltr'>aegre</span> <span class='ocrx_word' id='word_1_182' title='bbox 235 2466 480 2543; x_wconf 88' lang='lat' dir='ltr'>dispiciebantur,</span> <span class='ocrx_word' id='word_1_183' title='bbox 500 2469 618 2544; x_wconf 90' lang='lat' dir='ltr'>aegrius</span> <span class='ocrx_word' id='word_1_184' title='bbox 638 2485 656 2524; x_wconf 91' lang='lat' dir='ltr'>a</span> <span class='ocrx_word' id='word_1_185' title='bbox 673 2467 897 2527; x_wconf 87' lang='lat' dir='ltr'>recentioribus.</span> <span class='ocrx_word' id='word_1_186' title='bbox 935 2487 1030 2543; x_wconf 88' lang='lat' dir='ltr'>neque</span> <span class='ocrx_word' id='word_1_187' title='bbox 1049 2468 1147 2546; x_wconf 86' lang='lat' dir='ltr'>igitur</span> 
     </span>
     <span class='ocr_line' id='line_1_25' title="bbox 127 2555 1146 2634; baseline 0 -18"><span class='ocrx_word' id='word_1_188' title='bbox 127 2556 247 2634; x_wconf 88' lang='lat' dir='ltr'>saepius</span> <span class='ocrx_word' id='word_1_189' title='bbox 271 2576 361 2632; x_wconf 90' lang='lat' dir='ltr'>quam</span> <span class='ocrx_word' id='word_1_190' title='bbox 383 2556 429 2614; x_wconf 90' lang='lat' dir='ltr'>bis</span> <span class='ocrx_word' id='word_1_191' title='bbox 453 2555 682 2632; x_wconf 87' lang='lat' dir='ltr'>describebatur,</span> <span class='ocrx_word' id='word_1_192' title='bbox 706 2576 774 2615; x_wconf 81' lang='lat' dir='ltr'>mox</span> <span class='ocrx_word' id='word_1_193' title='bbox 802 2556 884 2615; x_wconf 88' lang='lat' dir='ltr'>istud</span> <span class='ocrx_word' id='word_1_194' title='bbox 905 2557 938 2613; x_wconf 89' lang='lat' dir='ltr'>in</span> <span class='ocrx_word' id='word_1_195' title='bbox 961 2557 1024 2614; x_wconf 91' lang='lat' dir='ltr'>dies</span> <span class='ocrx_word' id='word_1_196' title='bbox 1047 2557 1146 2634; x_wconf 90' lang='lat' dir='ltr'>magis</span> 
     </span>
     <span class='ocr_line' id='line_1_26' title="bbox 126 2644 648 2720; baseline -0.008 -14"><span class='ocrx_word' id='word_1_197' title='bbox 126 2648 298 2706; x_wconf 89' lang='lat' dir='ltr'>truncatum</span> <span class='ocrx_word' id='word_1_198' title='bbox 322 2647 353 2704; x_wconf 90' lang='lat' dir='ltr'>et</span> <span class='ocrx_word' id='word_1_199' title='bbox 375 2644 526 2703; x_wconf 89' lang='lat' dir='ltr'>foedatum</span> <span class='ocrx_word' id='word_1_200' title='bbox 550 2645 648 2720; x_wconf 88' lang='lat' dir='ltr'>periit.</span> 
     </span>
    </p>

    <p class='ocr_par' dir='ltr' id='par_1_6' title="bbox 116 2733 1152 3615">
     <span class='ocr_line' id='line_1_27' title="bbox 195 2733 1147 2809; baseline 0 -15"><span class='ocrx_word' id='word_1_201' title='bbox 195 2735 296 2794; x_wconf 88' lang='lat' dir='ltr'>Unum</span> <span class='ocrx_word' id='word_1_202' title='bbox 318 2734 406 2793; x_wconf 89' lang='lat' dir='ltr'>buius</span> <span class='ocrx_word' id='word_1_203' title='bbox 430 2735 528 2809; x_wconf 90' lang='lat' dir='ltr'>operis</span> <span class='ocrx_word' id='word_1_204' title='bbox 552 2735 704 2809; x_wconf 83' lang='lat' dir='ltr'>exemplar</span> <span class='ocrx_word' id='word_1_205' title='bbox 725 2733 824 2791; x_wconf 91' lang='lat' dir='ltr'>medio</span> <span class='ocrx_word' id='word_1_206' title='bbox 848 2734 909 2792; x_wconf 88' lang='lat' dir='ltr'>fere</span> <span class='ocrx_word' id='word_1_207' title='bbox 933 2752 1007 2792; x_wconf 92' lang='lat' dir='ltr'>saec.</span> <span class='ocrx_word' id='word_1_208' title='bbox 1030 2733 1074 2792; x_wconf 89' lang='lat' dir='ltr'>IX</span> <span class='ocrx_word' id='word_1_209' title='bbox 1097 2736 1147 2794; x_wconf 84' lang='lat' dir='ltr'>vel</span> 
     </span>
     <span class='ocr_line' id='line_1_28' title="bbox 128 2814 1146 2903; baseline 0 -21"><span class='ocrx_word' id='word_1_210' title='bbox 128 2826 254 2883; x_wconf 85' lang='lat' dir='ltr'>exeunte</span> <span class='ocrx_word' id='word_1_211' title='bbox 266 2822 563 2885; x_wconf 73' lang='lat' dir='ltr'>Constantios-:fuisse</span> <span class='ocrx_word' id='word_1_212' title='bbox 573 2842 589 2882; x_wconf 92' lang='lat' dir='ltr'>e</span> <span class='ocrx_word' id='word_1_213' title='bbox 600 2823 738 2899; x_wconf 88' lang='lat' dir='ltr'>catalogo</span> <span class='ocrx_word' id='word_1_214' title='bbox 751 2825 924 2898; x_wconf 89' lang='lat' dir='ltr'>pervetusto</span> <span class='ocrx_word' id='word_1_215' title='bbox 934 2815 977 2903; x_wconf 90' lang='lat' dir='ltr'>(p.</span> <span class='ocrx_word' id='word_1_216' title='bbox 987 2823 1027 2881; x_wconf 79' lang='lat'>15</span> <span class='ocrx_word' id='word_1_217' title='bbox 1036 2814 1146 2903; x_wconf 80' lang='lat' dir='ltr'>Bekk)</span> 
     </span>
     <span class='ocr_line' id='line_1_29' title="bbox 128 2909 1148 2988; baseline 0 -16"><span class='ocrx_word' id='word_1_218' title='bbox 128 2912 271 2988; x_wconf 70' lang='lat' dir='ltr'>dimnari,</span> <span class='ocrx_word' id='word_1_219' title='bbox 293 2932 380 2987; x_wconf 91' lang='lat' dir='ltr'>quem</span> <span class='ocrx_word' id='word_1_220' title='bbox 403 2913 435 2969; x_wconf 92' lang='lat' dir='ltr'>in</span> <span class='ocrx_word' id='word_1_221' title='bbox 458 2913 639 2970; x_wconf 89' lang='lat' dir='ltr'>monasterio</span> <span class='ocrx_word' id='word_1_222' title='bbox 659 2910 701 2970; x_wconf 86' lang='lat' dir='ltr'>St.</span> <span class='ocrx_word' id='word_1_223' title='bbox 718 2909 799 2970; x_wconf 85' lang='lat' dir='ltr'>Galli</span> <span class='ocrx_word' id='word_1_224' title='bbox 816 2913 1015 2988; x_wconf 89' lang='lat' dir='ltr'>perscriptum</span> <span class='ocrx_word' id='word_1_225' title='bbox 1033 2931 1096 2972; x_wconf 90' lang='lat' dir='ltr'>esse</span> <span class='ocrx_word' id='word_1_226' title='bbox 1117 2915 1148 2972; x_wconf 87' lang='lat' dir='ltr'>et</span> 
     </span>
     <span class='ocr_line' id='line_1_30' title="bbox 127 2992 1147 3082; baseline 0.001 -22"><span class='ocrx_word' id='word_1_227' title='bbox 127 3001 166 3060; x_wconf 91' lang='lat' dir='ltr'>H.</span> <span class='ocrx_word' id='word_1_228' title='bbox 174 3002 261 3060; x_wconf 89' lang='lat' dir='ltr'>Blass</span> <span class='ocrx_word' id='word_1_229' title='bbox 285 2993 440 3082; x_wconf 85' lang='lat' dir='ltr'>(Fleckeis.</span> <span class='ocrx_word' id='word_1_230' title='bbox 460 3020 527 3059; x_wconf 91' lang='lat' dir='ltr'>ann.</span> <span class='ocrx_word' id='word_1_231' title='bbox 543 3002 640 3077; x_wconf 90' lang='lat' dir='ltr'>suppl.</span> <span class='ocrx_word' id='word_1_232' title='bbox 659 2999 803 3059; x_wconf 84' lang='lat' dir='ltr'>volVIII</span> <span class='ocrx_word' id='word_1_233' title='bbox 820 3020 849 3075; x_wconf 92' lang='lat' dir='ltr'>p.</span> <span class='ocrx_word' id='word_1_234' title='bbox 862 2992 940 3081; x_wconf 82' lang='grc'>166)</span> <span class='ocrx_word' id='word_1_235' title='bbox 964 3003 993 3059; x_wconf 92' lang='lat' dir='ltr'>et</span> <span class='ocrx_word' id='word_1_236' title='bbox 1017 3020 1073 3079; x_wconf 90' lang='lat' dir='ltr'>ego</span> <span class='ocrx_word' id='word_1_237' title='bbox 1095 3022 1147 3062; x_wconf 92' lang='lat' dir='ltr'>ne·</span> 
     </span>
     <span class='ocr_line' id='line_1_31' title="bbox 128 3089 1152 3170; baseline 0.002 -21"><span class='ocrx_word' id='word_1_238' title='bbox 128 3092 273 3170; x_wconf 86' lang='lat' dir='ltr'>gavimus.</span> <span class='ocrx_word' id='word_1_239' title='bbox 309 3089 352 3148; x_wconf 91' lang='lat' dir='ltr'>ibi</span> <span class='ocrx_word' id='word_1_240' title='bbox 371 3092 451 3148; x_wconf 89' lang='lat' dir='ltr'>enim</span> <span class='ocrx_word' id='word_1_241' title='bbox 473 3089 585 3167; x_wconf 88' lang='lat' dir='ltr'>legitur</span> <span class='ocrx_word' id='word_1_242' title='bbox 602 3089 706 3149; x_wconf 80' lang='lat' dir='ltr'>Seuere</span> <span class='ocrx_word' id='word_1_243' title='bbox 723 3091 909 3149; x_wconf 73' lang='lat' dir='ltr'>naturalium</span> <span class='ocrx_word' id='word_1_244' title='bbox 927 3093 1109 3163; x_wconf 76' lang='lat' dir='ltr'>questionum</span> <span class='ocrx_word' id='word_1_245' title='bbox 1128 3092 1152 3151; x_wconf 89' lang='lat' dir='ltr'>I</span> 
     </span>
     <span class='ocr_line' id='line_1_32' title="bbox 129 3171 1147 3260; baseline 0.002 -22"><span class='ocrx_word' id='word_1_246' title='bbox 129 3171 176 3260; x_wconf 88' lang='lat' dir='ltr'>(id</span> <span class='ocrx_word' id='word_1_247' title='bbox 199 3182 243 3239; x_wconf 89' lang='lat' dir='ltr'>est</span> <span class='ocrx_word' id='word_1_248' title='bbox 265 3179 400 3238; x_wconf 76' lang='lat' dir='ltr'>uolumen</span> <span class='ocrx_word' id='word_1_249' title='bbox 421 3172 543 3259; x_wconf 84' lang='lat' dir='ltr'>uuuu):</span> <span class='ocrx_word' id='word_1_250' title='bbox 566 3179 604 3237; x_wconf 92' lang='lat' dir='ltr'>ab</span> <span class='ocrx_word' id='word_1_251' title='bbox 628 3198 662 3239; x_wconf 92' lang='lat' dir='ltr'>eo</span> <span class='ocrx_word' id='word_1_252' title='bbox 685 3179 779 3255; x_wconf 91' lang='lat' dir='ltr'>igitur</span> <span class='ocrx_word' id='word_1_253' title='bbox 801 3182 867 3238; x_wconf 85' lang='lat' dir='ltr'>tota</span> <span class='ocrx_word' id='word_1_254' title='bbox 889 3179 1015 3238; x_wconf 86' lang='lat' dir='ltr'>fortasse</span> <span class='ocrx_word' id='word_1_255' title='bbox 1037 3199 1147 3240; x_wconf 84' lang='lat' dir='ltr'>memo·</span> 
     </span>
     <span class='ocr_line' id='line_1_33' title="bbox 128 3267 1148 3344; baseline 0.001 -16"><span class='ocrx_word' id='word_1_256' title='bbox 128 3270 176 3328; x_wconf 89' lang='lat' dir='ltr'>ria</span> <span class='ocrx_word' id='word_1_257' title='bbox 199 3271 302 3328; x_wconf 88' lang='lat' dir='ltr'>nostra</span> <span class='ocrx_word' id='word_1_258' title='bbox 319 3268 437 3344; x_wconf 90' lang='lat' dir='ltr'>pendet.</span> <span class='ocrx_word' id='word_1_259' title='bbox 475 3268 538 3327; x_wconf 88' lang='lat' dir='ltr'>sino</span> <span class='ocrx_word' id='word_1_260' title='bbox 557 3267 649 3327; x_wconf 90' lang='lat' dir='ltr'>dubio</span> <span class='ocrx_word' id='word_1_261' title='bbox 672 3269 772 3343; x_wconf 89' lang='lat' dir='ltr'>potuit</span> <span class='ocrx_word' id='word_1_262' title='bbox 790 3269 846 3326; x_wconf 87' lang='lat' dir='ltr'>boc</span> <span class='ocrx_word' id='word_1_263' title='bbox 865 3287 970 3343; x_wconf 89' lang='lat' dir='ltr'>corpus</span> <span class='ocrx_word' id='word_1_264' title='bbox 988 3268 1148 3329; x_wconf 87' lang='lat' dir='ltr'>heredibus</span> 
     </span>
     <span class='ocr_line' id='line_1_34' title="bbox 128 3356 1148 3433; baseline 0.001 -16"><span class='ocrx_word' id='word_1_265' title='bbox 128 3376 189 3417; x_wconf 88' lang='lat' dir='ltr'>non</span> <span class='ocrx_word' id='word_1_266' title='bbox 216 3358 329 3418; x_wconf 85' lang='lat' dir='ltr'>relictis</span> <span class='ocrx_word' id='word_1_267' title='bbox 356 3359 463 3433; x_wconf 88' lang='lat' dir='ltr'>perire,</span> <span class='ocrx_word' id='word_1_268' title='bbox 490 3360 589 3432; x_wconf 87' lang='lat' dir='ltr'>potest</span> <span class='ocrx_word' id='word_1_269' title='bbox 612 3356 651 3415; x_wconf 89' lang='lat' dir='ltr'>ad</span> <span class='ocrx_word' id='word_1_270' title='bbox 678 3357 771 3414; x_wconf 92' lang='lat' dir='ltr'>alium</span> <span class='ocrx_word' id='word_1_271' title='bbox 793 3357 925 3416; x_wconf 87' lang='lat' dir='ltr'>codicem</span> <span class='ocrx_word' id='word_1_272' title='bbox 948 3357 1021 3416; x_wconf 89' lang='lat' dir='ltr'>alibi</span> <span class='ocrx_word' id='word_1_273' title='bbox 1045 3376 1148 3418; x_wconf 84' lang='lat' dir='ltr'>serva-</span> 
     </span>
     <span class='ocr_line' id='line_1_35' title="bbox 129 3446 1149 3525; baseline 0.002 -19"><span class='ocrx_word' id='word_1_274' title='bbox 129 3449 196 3506; x_wconf 89' lang='lat' dir='ltr'>tum</span> <span class='ocrx_word' id='word_1_275' title='bbox 218 3446 270 3506; x_wconf 84' lang='lat' dir='ltr'>sed</span> <span class='ocrx_word' id='word_1_276' title='bbox 292 3446 378 3506; x_wconf 89' lang='lat' dir='ltr'>nobis</span> <span class='ocrx_word' id='word_1_277' title='bbox 406 3449 543 3525; x_wconf 87' lang='lat' dir='ltr'>ignotum</span> <span class='ocrx_word' id='word_1_278' title='bbox 571 3447 715 3505; x_wconf 88' lang='lat' dir='ltr'>memoria</span> <span class='ocrx_word' id='word_1_279' title='bbox 737 3450 840 3505; x_wconf 89' lang='lat' dir='ltr'>nostra</span> <span class='ocrx_word' id='word_1_280' title='bbox 862 3446 1004 3505; x_wconf 88' lang='lat' dir='ltr'>recedere.</span> <span class='ocrx_word' id='word_1_281' title='bbox 1051 3466 1149 3522; x_wconf 87' lang='lat' dir='ltr'>neque</span> 
     </span>
     <span class='ocr_line' id='line_1_36' title="bbox 116 3533 1149 3615; baseline 0.009 -28"><span class='ocrx_word' id='word_1_282' title='bbox 116 3533 175 3589; x_wconf 83' lang='lat' dir='ltr'>ubi</span> <span class='ocrx_word' id='word_1_283' title='bbox 204 3535 303 3593; x_wconf 78' lang='lat' dir='ltr'>codex</span> <span class='ocrx_word' id='word_1_284' title='bbox 331 3536 515 3615; x_wconf 81' lang='lat' dir='ltr'>archetypus</span> <span class='ocrx_word' id='word_1_285' title='bbox 549 3539 688 3595; x_wconf 84' lang='lat' dir='ltr'>exaratus</span> <span class='ocrx_word' id='word_1_286' title='bbox 716 3537 768 3610; x_wconf 89' lang='lat' dir='ltr'>sit,</span> <span class='ocrx_word' id='word_1_287' title='bbox 796 3539 896 3594; x_wconf 81' lang='lat' dir='ltr'>utrum</span> <span class='ocrx_word' id='word_1_288' title='bbox 924 3554 959 3594; x_wconf 84' lang='lat' dir='ltr'>ex</span> <span class='ocrx_word' id='word_1_289' title='bbox 986 3536 1078 3595; x_wconf 87' lang='lat' dir='ltr'>Italia</span> <span class='ocrx_word' id='word_1_290' title='bbox 1109 3536 1149 3596; x_wconf 80' lang='lat' dir='ltr'>od</span> 
     </span>
    </p>
   </div>
   <div class='ocr_carea' id='block_1_5' title="bbox 0 0 1213 3832">
    <p class='ocr_par' dir='ltr' id='par_1_7' title="bbox 0 0 1213 3832">
     <span class='ocr_line' id='line_1_37' title="bbox 0 0 1213 3832; baseline 0 0"><span class='ocrx_word' id='word_1_291' title='bbox 0 0 1213 3832; x_wconf 95' lang='lat' dir='ltr'> </span> 
     </span>
    </p>
   </div>
  </div>
 </body>
</html>
