2408 3832
134 151 153 211 8
451 147 480 201 L.
500 145 641 200 ANNAEI
660 146 823 201 SENECAE

133 293 235 357 nubes
264 291 392 357 collisae
414 291 618 357 mediocriter
640 291 872 378 fulgurationes
897 291 1050 374 efficient,
1076 315 1141 356 ma-

135 383 202 446 iore
224 382 347 464 impetu
370 381 527 463 impulsae
549 379 699 463 fulmina,
729 381 775 444 sic
797 384 917 464 quanto
940 381 1012 445 illas
1036 383 1140 444 minus

133 471 250 553 pressit
274 470 321 533 ois
345 470 538 552 minoresve,
564 472 654 533 tanto
681 469 801 533 leviora
823 469 959 534 fulmina
982 471 1139 534 emittunt.

97 576 114 624 1
133 559 369 623 Aristoteles
387 557 544 622 rationem
564 557 719 622 eiusmodi
738 558 855 622 reddit:
875 559 974 622 ‘varia
992 562 1024 622 et
1040 560 1141 622 multa

132 650 289 711 terrarum
310 647 396 711 orbis
420 647 552 730 expiret,
574 646 728 729 quaedam
746 647 856 710 umida
874 648 1029 730 quaedam
1049 648 1140 730 sicca,
1168 673 1182 714 s

133 736 288 818 quaedam
302 735 437 800 calentia
452 735 607 819 quaedam
624 735 839 819 concipiendis
858 735 987 821 ignibus
1007 737 1139 800 idonea?

133 845 192 888 nec
220 826 337 887 mirum
366 828 427 908 est,
456 825 483 887 si
507 827 609 887 terrae
632 824 736 888 omnis
760 825 884 910 generis
908 828 940 888 et
961 827 1049 889 varia
1072 847 1141 889 eva-

132 914 259 997 poratio
289 917 351 995 est,
378 933 451 976 curn
479 913 622 977 incaelo
646 934 773 995 quoque
796 935 862 977 non
884 935 966 978 unus
990 918 1142 997 appareat

135 1003 223 1067 color
245 1023 361 1084 rerum,
384 1002 440 1065 sed
463 1002 566 1066 acrior
585 1002 627 1065 sit
646 1000 815 1065 Caniculae
833 1003 940 1085 rubor,
963 1002 1075 1066 Martis
1094 1024 1141 1066 re·

133 1090 270 1174 missior,
292 1089 378 1154 lovis
402 1091 509 1154 nullus
533 1091 568 1153 in
589 1090 694 1154 lucem
717 1112 829 1174 puram
853 1092 958 1156 nitore
979 1092 1140 1174 perducto.
1157 1119 1183 1158 10

98 1195 261 1244 successe
285 1183 333 1243 est
356 1201 432 1264 ergo
456 1180 490 1242 in
513 1201 629 1264 magna
652 1180 745 1263 copia
767 1181 1037 1263 corpusculorum,
1061 1201 1142 1263 quae

133 1270 236 1332 terrae
259 1269 396 1332 eiectant
419 1271 451 1332 et
474 1268 508 1330 in
531 1269 729 1351 superiorem
752 1272 853 1354 egunt
875 1272 1011 1352 partem,
1034 1268 1143 1351 aliqua

126 1358 168 1421 in
190 1357 291 1421 nubes
314 1357 479 1439 pervenire
502 1356 654 1421 alimenta
674 1356 808 1442 ignium,
832 1379 913 1440 quae
930 1379 997 1422 non
1015 1361 1142 1422 tantum

134 1445 246 1510 collisa
276 1446 402 1528 possint
434 1446 543 1509 ardere
576 1444 631 1509 sed
662 1446 758 1509 etiarn
790 1446 898 1510 afflata
927 1446 1023 1510 radiis
1055 1446 1142 1511 solis.

133 1555 208 1598 nam
231 1534 315 1618 apud
333 1555 392 1598 nos
411 1555 538 1616 quoque
556 1537 700 1598 ramenta
718 1534 870 1617 sulphure
889 1556 1015 1618 aspersa
1033 1535 1142 1621 ignem
1157 1561 1183 1602 15

99 1639 114 1687 9
135 1645 174 1687 ex
197 1622 366 1687 intervallo
390 1621 528 1686 trahunt.
569 1623 636 1686 veri
660 1645 735 1709 ergo
759 1623 863 1688 simile
886 1627 934 1687 est
956 1625 1054 1688 talem
1077 1647 1142 1688 ma·

134 1712 248 1776 teriam
271 1711 354 1775 inter
376 1712 476 1775 nubes
499 1715 725 1797 congregatam
748 1711 842 1776 facilc
866 1713 1013 1777 succendi
1035 1717 1067 1778 et
1084 1713 1143 1777 mi-

133 1822 226 1865 nores
250 1801 425 1864 maioresve
444 1799 533 1884 ignes
553 1801 696 1883 existere,
718 1805 815 1884 prout
832 1803 904 1883 plus
923 1800 987 1865 illis
1006 1802 1070 1866 fnit
1088 1807 1144 1866 aut

134 1889 240 1954 minus
259 1889 384 1952 virium.
426 1887 505 1952 illud
525 1888 609 1953 enim
630 1890 863 1974 stultissimum,
887 1890 1069 1955 existimare
1088 1895 1143 1955 aut

135 1978 278 2042 decidere
307 1977 415 2041 stellas
443 1982 499 2041 aut
526 1978 684 2042 transilire
713 1982 767 2042 aut
792 1978 912 2060 aliquid
936 1978 1000 2043 illis
1024 1980 1141 2043 auferri
1157 2005 1183 2044 ro

82 2083 115 2131 10
134 2072 167 2131 et
189 2066 312 2130 abradi:
334 2087 409 2128 nem
434 2066 461 2129 si
483 2067 546 2131 hoc
568 2067 694 2149 fuisset,
717 2068 814 2131 etiam
838 2067 1025 2151 defuissent,
1053 2068 1143 2132 nulla

135 2155 220 2220 enim
248 2176 313 2219 nox
341 2158 401 2236 est,
430 2176 492 2237 qua
519 2176 586 2219 non
612 2155 769 2238 plurimae
796 2157 842 2220 ire
870 2157 959 2219 etin
982 2157 1142 2221 diversum

134 2244 302 2308 videantur
324 2241 448 2308 abduci.
495 2244 585 2327 atqui
613 2265 677 2327 quo
706 2245 787 2308 solet
814 2266 959 2327 quaeque
982 2246 1143 2310 invenitur

133 2335 220 2415 loco,
252 2333 326 2415 <et>
356 2331 544 2417 magnitudo
576 2355 632 2396 sua
662 2333 796 2418 singulis
828 2338 966 2398 constat:
999 2335 1143 2417 sequitur

135 2443 225 2507 ergo,
253 2424 290 2484 ut
318 2420 401 2484 infra
428 2420 499 2484 illas
523 2421 585 2485 ista
607 2425 778 2485 nascantur
801 2425 832 2486 et
855 2423 918 2486 cito
943 2423 1182 2505 intercidentis

83 2511 211 2593 11quia
235 2511 302 2575 sine
325 2509 532 2573 fundamento
557 2513 589 2574 et
612 2510 684 2574 sede
707 2514 792 2574 certa
813 2515 895 2575 sunt.
939 2512 1047 2594 ‘quare
1067 2534 1142 2598 ergo

205 2662 275 2711 4-6
293 2658 379 2712 Arist.
400 2657 509 2711 Meteor.
530 2659 550 2710 Ι
564 2662 582 2710 4
595 2675 626 2726 p,
641 2659 717 2712 341b
736 2663 798 2726 6sq.

204 2791 303 2844 lmcd.
324 2789 438 2845 collisae
457 2791 514 2844 coll.
530 2793 554 2843 Δ
573 2790 583 2861 11
600 2796 617 2843 2
632 2788 718 2844 sic-
735 2796 750 2843 8
769 2790 900 2862 fulmina]
919 2794 1005 2845 orm
1026 2794 1030 2860 1
1050 2791 1143 2845 minus

134 2861 199 2915 illas
217 2862 275 2915 coll.
290 2864 337 2915 Ἑλ
358 2864 362 2930 1
382 2862 486 2933 minus]
505 2861 596 2914 minor
611 2862 740 2932 Madvig,
759 2864 805 2916 sed
822 2863 884 2929 fort.
904 2863 1083 2934 minor[es]ve
1098 2864 1143 2916 l.3

135 2949 202 2987 corr.
220 2932 266 2986 Ge.
292 2935 301 3002 11
327 2938 342 2986 8
361 2931 463 3002 pressit
480 2933 521 2985 vis
536 2931 665 3004 Madvig]
685 2934 817 3001 presseris
842 2936 851 3003 11
876 2939 893 2987 4
911 2934 1062 3005 rationem]
1080 2942 1144 2989 ante

134 3003 228 3057 reddit
242 3006 291 3057 Ar
306 3011 369 3073 post
390 3003 515 3057 reddit?
533 3005 542 3072 11
561 3009 576 3054 5
595 3004 669 3056 hum.
689 3005 728 3059 sic
750 3021 851 3074 semper
865 3005 929 3059 libri
947 3006 990 3077 116
1009 3004 1131 3060 calentia

135 3075 187 3142 def.
204 3075 349 3140 Rossbach,
364 3076 503 3142 quaedam
517 3074 569 3128 cal.
585 3091 633 3128 om.
650 3093 682 3148 ρ,
697 3075 823 3145 algentia
837 3077 939 3130 Muret.
954 3078 963 3146 11
977 3081 1008 3128 14
1021 3077 1131 3145 possint

134 3147 253 3214 possunt
271 3147 318 3200 dr
339 3148 347 3214 11
369 3151 399 3197 1⁵
417 3146 558 3216 ramenta]
576 3146 851 3213 cfiMertial.10,3,
875 3147 1066 3201 stramentum
1087 3164 1143 3201 sar-

135 3218 231 3269 menta
249 3221 291 3267 11
301 3217 418 3271 Fortun.
448 3218 456 3284 11
483 3221 512 3267 18
532 3217 651 3270 maiores
669 3217 826 3272 minoresue
844 3219 941 3272 colla
969 3220 978 3286 11
1003 3224 1033 3270 19
1052 3218 1143 3289 stult]

136 3286 332 3341 stultissimum
351 3289 394 3340 est
407 3290 457 3341 M
478 3289 486 3356 11
504 3287 646 3358 alesiam]
666 3289 761 3342 iamA
781 3292 809 3343 et
827 3291 915 3360 culpo,
933 3290 983 3343 dcl.
999 3289 1118 3360 Madvig
1137 3292 1141 3353 1

24 3365 28 3370 ’
136 3358 302 3429 defuissent]
324 3358 491 3412 defecissent
504 3359 542 3410 11ι
556 3358 687 3428 Madv-tp,
705 3360 842 3414 redissent
859 3362 900 3415 cel
918 3361 1033 3414 reduces
1052 3362 1144 3414 essent

139 3429 184 3483 Ge.
207 3429 217 3500 11
238 3434 274 3481 22
292 3428 441 3500 plurimae]
460 3433 591 3483 -mumn
617 3433 625 3498 11
650 3435 685 3482 23
705 3430 786 3502 solet]
806 3430 896 3484 solent
914 3434 938 3484 Δ
960 3434 964 3501 1
988 3431 1144 3501 inuenitur]

121 3498 316 3552 inueniuntur
331 3504 359 3553 Δ
389 3503 401 3571 11
432 3505 468 3553 24
487 3504 515 3555 et
534 3500 596 3554 add.
615 3501 661 3554 Ge.
