2408 3832
66 165 153 219 XLVI
473 165 677 220 PRAEFATIO

67 317 155 377 modo
177 317 210 375 in
233 318 411 376 coniecturis
435 317 590 376 afferendis
613 336 720 392 parcus
744 318 797 391 fui,
815 318 874 376 nisi
892 318 940 377 vel
959 319 998 377 ad
1022 337 1093 379 sen·

67 408 194 466 tentiam
213 406 261 465 vel
281 406 320 466 ad
342 409 458 464 textum
481 407 700 465 restituendum
722 406 887 482 faciebant3
910 412 1095 485 argumenta

68 512 231 570 causasque
254 495 387 571 proferre
411 514 469 554 non
493 497 586 570 potui.
633 515 718 571 spero
746 495 841 573 igitur
862 495 985 556 Koeleri
1008 516 1089 557 com·

67 584 246 643 mentarium
266 584 427 659 aliquando
446 587 610 643 correctum
629 585 667 643 ab
687 584 754 644 aliis
774 588 803 643 et
821 586 1019 645 retractatum
1041 589 1091 648 iri.

134 674 236 747 Nunc,
260 674 330 731 dum
353 674 491 752 plagulas
514 692 596 732 meas
620 674 725 750 legrmt
748 673 915 733 Fridericus
939 674 1011 749 Leo,
1037 677 1091 752 qui

67 765 128 822 iam
148 781 174 821 a.
192 763 276 821 1895
292 762 417 822 comiter
430 781 477 820 me
492 762 616 840 adiuvit,
633 763 807 822 Franciscus
823 763 960 838 Skutsch,
975 762 1090 824 Guilel-

67 871 134 911 mus
153 852 248 926 Kroll,
273 849 345 910 Otto
364 851 516 910 Rossbach
538 854 637 910 totum
660 852 722 910 fere
745 854 1007 928 pertractaverunt
1026 857 1092 914 tex·

68 944 148 1000 tum:
171 942 277 1000 horum
301 942 443 1000 scientiae
466 942 497 998 et
519 940 650 998 acumini
669 941 810 1000 Senecam
834 941 962 999 multum
983 941 1092 1002 debere

68 1049 264 1106 unaquaeque
292 1032 405 1107 pagina
432 1030 530 1103 docet,
559 1030 645 1104 plura
672 1029 736 1106 ipse
766 1030 938 1105 saepissime
963 1031 1093 1090 edoctus

70 1122 157 1198 grato
182 1121 281 1178 animo
306 1123 336 1177 et
359 1120 419 1177 scio
441 1121 471 1176 et
489 1119 638 1194 profiteor.
671 1122 772 1177 tamen
791 1139 851 1178 non
871 1119 1016 1178 adfinem
1035 1140 1094 1181 nos

68 1210 238 1284 pervenisse
266 1207 317 1267 sed
345 1208 461 1265 aditum
488 1209 606 1266 tantum
639 1209 677 1266 ad
704 1208 864 1266 Naturales
894 1208 1093 1278 Quaestiones

69 1299 255 1375 patefactum
279 1315 341 1355 esse
364 1316 424 1354 non
442 1297 560 1373 ignoro,
585 1297 658 1355 adeo
682 1298 761 1355 enim
785 1300 942 1373 corruptae
965 1297 1090 1357 tradun-

68 1391 119 1446 tur
133 1389 163 1445 et
177 1389 226 1446 vix
240 1386 403 1445 multorum
418 1388 576 1445 coniuncta
596 1388 626 1444 et
644 1385 761 1444 intenta
775 1405 866 1462 opera
879 1387 1091 1446 restituuntur.

70 1475 293 1536 coniecturandi
320 1493 391 1533 sane
418 1479 448 1533 et
470 1475 640 1533 hariolandi
664 1493 787 1550 campus
811 1478 856 1534 est
878 1475 990 1553 largus,
1015 1479 1092 1536 artis

70 1566 150 1642 leges
174 1583 293 1623 severae
317 1567 387 1623 sunt
414 1569 444 1621 et
468 1564 716 1639 circumscriptae.
764 1567 853 1639 atque
877 1583 966 1640 saepe
990 1584 1006 1624 e
1029 1585 1092 1624 me-

70 1655 143 1715 delis
158 1653 394 1729 corruptelarum
414 1653 514 1711 decern
533 1653 706 1729 pluribusve
730 1654 906 1731 excogitatis
928 1656 978 1712 vix
998 1674 1092 1714 unam

70 1763 117 1802 me
141 1759 385 1801 commemorasse
408 1742 545 1801 benevoli
568 1745 683 1801 sciunto
707 1743 840 1801 lectores.

137 1830 257 1891 Gratias
280 1831 382 1890 multis
407 1831 474 1890 aliis
498 1831 571 1890 viris
593 1832 740 1906 imprimis
763 1831 998 1891 bibliothecariis
1021 1851 1093 1891 cum

70 1921 254 1980 nostratibus
277 1923 343 1978 tum
366 1920 495 1979 externis
520 1922 610 1994 atque
639 1920 760 1998 collegis
789 1924 819 1979 et
847 1923 936 1979 antea
964 1922 997 1978 in
1021 1920 1091 1980 Stu-

71 2011 127 2070 diis
145 2009 219 2068 meis
238 2011 301 2068 dixi
319 2013 349 2068 et
367 2027 445 2067 nunc
464 2009 563 2067 deberi
583 2012 687 2085 gratus
706 2010 811 2084 sentio,
830 2011 909 2068 inter
927 2028 1001 2085 quos
1017 2007 1093 2072 Otto

69 2099 236 2172 Rossbach,
258 2099 346 2158 homo
375 2098 562 2156 indubitatae
585 2097 666 2173 fidei,
690 2101 820 2175 primum
843 2099 940 2157 locum
965 2099 1093 2177 obtinet,

71 2191 124 2264 qui
143 2207 347 2264 quaecumque
362 2187 473 2246 collata
488 2191 518 2245 et
532 2187 656 2246 collecta
673 2187 803 2246 habebat
822 2187 896 2245 mihi
911 2187 962 2245 diu
976 2189 1093 2249 utenda

70 2279 214 2355 permisit.
270 2277 400 2355 gratiam
432 2295 493 2334 non
524 2295 649 2351 parvam
683 2277 774 2334 etiam
806 2277 959 2334 seminarii
994 2281 1094 2338 nostri

70 2367 222 2427 sodalibus
236 2366 340 2440 habeo,
356 2365 435 2441 quod
454 2365 614 2424 eruditioni
635 2366 724 2424 simul
742 2366 875 2440 mihique
894 2364 988 2424 dediti
1007 2385 1093 2444 mag-

69 2475 140 2514 nam
170 2455 377 2514 schedularum
407 2457 524 2531 partem
553 2473 618 2513 cum
648 2454 779 2532 plagulis
803 2454 964 2531 diligenter
986 2458 1093 2514 contu·

70 2545 171 2602 lerunt
186 2544 231 2602 W.
245 2544 379 2620 Barthel,
401 2545 454 2620 qui
471 2543 592 2602 Philam
615 2546 645 2602 et
663 2543 783 2601 Meroen
806 2543 919 2602 insulas
939 2561 957 2600 a
977 2542 1094 2603 Seneca

70 2633 214 2693 confundi
238 2634 327 2708 vidit,
351 2633 400 2694 Er.
424 2633 535 2707 Pusoh,
560 2631 638 2691 Guil.
661 2631 768 2705 Falbe,
794 2633 848 2690 alii
874 2633 923 2690 hic
951 2632 1029 2707 illic,
1058 2636 1094 2692 111

70 2726 220 2798 parerat,
243 2724 400 2796 nominati,
419 2725 449 2780 et
468 2725 539 2797 quia
562 2722 674 2780 indices
694 2722 892 2795 confecerunt,
912 2721 965 2779 Th.
981 2721 1093 2799 cluna,

70 2811 104 2871 B.
119 2811 198 2884 Liar,
223 2809 254 2870 Ο.
270 2810 406 2886 Gatholy.
443 2812 565 2869 illorum
589 2829 660 2869 cura
684 2810 820 2869 adiutum
843 2830 890 2869 me
913 2810 1093 2872 collationes

72 2899 195 2978 Georgii
213 2901 331 2975 Mllller,
350 2900 440 2959 amici
462 2903 654 2975 praematura
672 2903 768 2958 morte
791 2899 836 2958 his
861 2899 967 2959 studiis
986 2902 1094 2976 erepti,

71 2990 235 3049 Rossbachi
271 3008 325 3048 nec
361 3009 421 3048 non
456 3007 537 3047 meas
571 2992 684 3063 septem
721 2987 880 3047 fasciculos
913 2989 1094 3064 complexas,

72 3079 170 3154 quoad
198 3079 261 3136 fieri
289 3081 423 3154 poterat,
451 3078 619 3136 exhausisse
648 3076 770 3135 confido.
817 3077 944 3152 denique
972 3077 1092 3137 Alfi-edi

72 3166 214 3226 Giesecke
242 3166 425 3243 bibliopolae
452 3165 629 3225 liberalitati
662 3167 692 3224 et
722 3165 928 3242 indulgentiae
960 3167 1094 3244 gratiam

72 3256 163 3316 debeo
187 3275 247 3315 non
272 3257 418 3329 ultimam,
441 3254 520 3331 quod
538 3255 670 3313 codicem
687 3253 889 3313 Genevensem
908 3256 1042 3314 conferre
1062 3260 1094 3316 31

71 3348 170 3404 totam
198 3345 362 3405 editionem
387 3346 439 3403 diu
465 3344 636 3403 incohatam
664 3360 753 3418 saepe
781 3345 981 3419 interruptam
1009 3347 1094 3403 tran·

72 3435 166 3512 quille
190 3435 326 3494 emittere
349 3435 442 3511 potui.

133 3523 310 3583 deliberem
336 3522 486 3601 Gryphiae
509 3540 608 3581 mensa
632 3520 781 3597 Aprilis.
808 3523 903 3582 1907.
