2408 3832
103 167 168 232 238
426 167 457 222 h.
475 166 618 220 ANNAEI
636 166 800 221 SENECAE

67 330 82 377 a
103 315 185 378 ciam
204 314 338 381 invecta.
371 312 615 378 Democritus
634 334 773 397 quoque,
793 313 1024 379 subtilissimus
1044 315 1126 379 anti-

103 425 240 487 quorum
271 404 425 485 omnium,
456 403 611 486 suspicari
641 425 675 466 se
699 403 745 467 ait
773 404 881 486 plures
913 405 1022 468 stellas
1046 427 1125 487 esse,

103 513 184 576 quae
215 496 357 575 currant,
387 491 442 557 sed
472 513 531 556 nec
560 513 730 556 numerum
765 493 893 556 illarum
923 493 1036 576 posuit
1064 515 1126 558 nec

101 582 242 662 nomina,
264 582 408 646 nondum
432 580 670 665 comprehensis
694 582 836 663 quinque
860 581 1001 647 siderum
1026 584 1125 647 cursi-

101 672 170 735 bus.
225 670 408 735 Eudoxus
442 671 566 753 primus
599 670 640 733 ab
672 668 823 756 Aegypto
858 669 918 734 hos
951 675 1060 735 motus
1091 673 1162 738 ins

103 758 267 825 Graeciam
291 760 469 843 transtulit,
496 758 550 823 hio
573 764 682 823 tamen
705 759 743 824 de
768 761 901 825 cometis
923 759 1008 824 nihil
1031 761 1124 825 dicit:

101 872 140 914 ex
171 871 234 932 quo
266 854 399 934 apparet
432 869 472 912 ne
503 849 588 931 apud
618 847 799 934 Aegyptios
829 849 973 932 quidem,
1005 851 1124 932 quibus

101 940 204 1003 maior
224 940 303 1004 caeli
323 961 399 1003 cura
417 938 489 1019 fuit,
508 939 592 1003 hanc
609 941 736 1021 partem
754 938 958 1002 elaboratam.
992 936 1125 1004 Conon

66 1033 221 1112 apostea,
253 1028 389 1114 diligens
413 1030 445 1091 et
475 1027 545 1110 ipse
568 1027 751 1110 inquisitor,
775 1026 968 1092 defectiones
993 1029 1124 1112 quidem

101 1119 179 1182 solis
198 1116 425 1200 <ob>servatas
449 1115 488 1179 ab
507 1114 679 1200 Aegyptiis
704 1117 844 1202 collegit,
866 1117 990 1180 nullam
1014 1121 1124 1182 autem
1139 1142 1164 1182 ro

100 1206 298 1271 mentionem
331 1206 408 1270 fecit
437 1210 644 1287 cometarum,
676 1227 741 1268 non
773 1207 1068 1289 praetermissurus,
1098 1207 1126 1271 si

101 1295 179 1378 quid
203 1295 362 1378 explorati
385 1294 470 1378 apud
493 1296 566 1358 illos
591 1295 806 1377 comperisset.

167 1383 198 1447 4.
230 1382 304 1448 Duo
329 1387 422 1466 certe,
446 1385 502 1467 qui
526 1384 611 1468 apud
636 1381 811 1448 Chaldaeos
836 1383 996 1447 studuisse
1021 1405 1055 1448 66
1079 1384 1126 1448 di-

66 1478 192 1556 rcunt,
216 1471 411 1557 Epigenes
435 1477 467 1536 et
488 1471 724 1557 Apollonius
748 1471 940 1556 Myndius,
967 1474 1127 1556 peritissi-

100 1584 172 1626 mus
203 1562 474 1646 inspiciendorum
498 1563 664 1643 natalium,
694 1562 778 1625 inter
802 1583 834 1625 se
858 1561 1023 1625 dissident.
1070 1563 1126 1629 hic
1141 1588 1163 1629 rs

100 1652 187 1716 enim
211 1652 257 1715 ait
280 1655 420 1716 cometas
443 1653 477 1715 in
499 1673 633 1715 numero
659 1652 823 1715 stellarum
848 1651 1023 1715 errantium
1045 1653 1127 1735 poni

101 1763 120 1804 6
139 1739 309 1804 Chaldaeis
328 1741 493 1822 tenerique
513 1761 625 1804 cursus
645 1760 763 1803 eorum.
796 1738 991 1824 Epigenes
1011 1747 1127 1805 contra

101 1830 147 1893 ait
171 1853 203 1894 se
228 1853 246 1893 a
270 1828 438 1894 Chaldaeis
461 1829 545 1892 nihil
569 1828 607 1892 de
632 1829 765 1893 cometis
788 1828 905 1893 habere
929 1830 1125 1914 comprensi,

101 1919 157 1983 sed
175 1919 277 1982 videri
296 1920 374 1986 illos
394 1917 526 1983 accendi
548 1916 677 1980 turbine
702 1918 840 2000 quodam
864 1919 944 1982 atris
970 1920 1124 1984 concitati

101 2012 134 2072 et
157 2009 277 2072 intorti.
314 2007 456 2091 primum
476 2027 562 2091 ergo,
587 2007 613 2069 si
636 2007 699 2070 tibi
716 2007 852 2091 videtur,
876 2008 1047 2091 opiniones
1065 2009 1158 2072 hun

65 2116 79 2162 2
100 2098 150 2161 ius
169 2119 327 2181 ponamus
346 2118 384 2160 ac
402 2097 594 2160 refellamus.
622 2095 699 2160 huic
712 2097 840 2161 videtur
857 2096 1036 2180 plurimum
1050 2099 1122 2161 viri-

99 2209 155 2250 um
180 2186 297 2250 habere
321 2186 361 2250 ad
384 2206 494 2249 omnes
519 2184 706 2249 sublimium
729 2190 836 2250 motus
861 2186 953 2249 stalla
978 2185 1120 2251 Saturni:

101 2275 205 2358 haec,
236 2298 309 2340 cnm
339 2275 488 2358 proxima
511 2275 603 2358 signa
626 2274 722 2338 Marti
745 2276 864 2358 premit
887 2278 942 2338 aut
969 2276 1003 2338 in
1027 2277 1120 2341 lunae

100 2364 251 2430 viciniam
284 2365 400 2428 transit
432 2368 487 2428 aut
523 2365 557 2426 in
595 2365 672 2428 solis
705 2363 818 2427 incidit
848 2363 970 2446 radios,
1006 2369 1119 2429 natura

94 2458 233 2518 *ventosa
263 2457 295 2517 et
323 2452 442 2538 frigida
472 2453 634 2517 contrahit
663 2451 810 2536 pluribus
840 2453 920 2516 locis
951 2457 1025 2517 atra
1049 2473 1148 2518 con-a

170 2645 414 2711 1Democr.:fr.A
425 2650 462 2699 92
471 2646 551 2700 Diels
562 2664 590 2714 p.
600 2649 656 2699 385
666 2647 674 2714 11
685 2650 700 2696 5
711 2646 839 2700 Eodem:
848 2647 881 2712 cf.
893 2646 983 2700 1616166
992 2645 1062 2716 Hp.
1069 2647 1117 2716 671

100 2723 119 2842 3
135 2718 243 2843 ,Opponz
263 2718 297 2784 cf.
317 2716 452 2771 Sasemihl
469 2718 491 2770 I
506 2721 561 2771 722
579 2735 606 2770 a.
627 2717 739 2784 841117
761 2717 913 2787 Epipencs:
931 2718 965 2783 cf.
986 2716 1119 2773 Sueemffl

172 2973 188 3019 2
204 2967 330 3021 omnium
344 2967 431 3036 antiq.
447 2969 505 3022 coll.
521 2969 542 3022 λ
557 2970 565 3037 11
581 2975 595 3020 t
610 2966 755 3036 Eudoxus]
773 2965 908 3019 eudoxius
923 2967 1118 3037 6111061666-

99 3039 182 3091 uatas
192 3039 252 3110 Ge]
260 3040 329 3108 cfip.
340 3043 643 3106 71‚1s;235,16;236‚
651 3043 677 3104 6,
692 3039 817 3091 seruatas
835 3039 838 3106 1
856 3038 961 3108 antem]
972 3041 1068 3093 tamen
1078 3040 1117 3108 dn

98 3113 129 3162 1³
150 3109 261 3164 caldeos
283 3113 315 3164 Φ
336 3127 439 3178 semper
459 3113 463 3181 1
484 3126 514 3164 66
538 3112 610 3164 stud.
635 3111 693 3165 coll.
714 3111 737 3164 δ
755 3109 813 3180 1114
832 3108 964 3177 Myndius
982 3114 1000 3161 Ζ
1039 3128 1118 3164 mun-

100 3180 163 3234 dius
182 3183 302 3250 ηΕλ1Ρ)
321 3180 444 3235 mindius
463 3187 538 3235 1111
561 3181 687 3235 medicus
706 3183 730 3236 d
747 3182 756 3249 11
774 3185 804 3232 15
824 3180 963 3234 natalium
1017 3181 1117 3252 161166]

98 3251 284 3320 naturalium,
311 3253 346 3319 ef.
365 3256 447 3318 28,1
477 3256 485 3323 11
512 3259 543 3306 18
567 3270 596 3306 66
620 3270 637 3306 6
661 3252 799 3323 chaldeis]
828 3251 940 3306 caldeos
961 3255 993 3306 Φ
1010 3253 1115 3324 vulpot

99 3324 135 3378 de
145 3324 273 3397 cometis]
289 3340 339 3379 om.
350 3326 389 3395 (11
405 3324 575 3408 comprensi]
590 3323 785 3393 comprehensi
798 3322 955 3394 6111Ρ1111)
965 3325 974 3393 11
992 3329 1024 3376 19
1041 3323 1106 3378 11166

98 3395 156 3449 11116
176 3397 258 3450 Kroll
276 3395 286 3468 11
304 3401 339 3449 11
363 3397 471 3467 omnes]
497 3398 665 3451 omnrumd
689 3398 698 3465 11
723 3400 757 3449 2³
777 3395 863 3448 Marti
889 3395 970 3464 signa
995 3397 1094 3450 661161

99 3471 160 3591 aalp
179 3467 238 3521 rad.
259 3468 326 3535 inc,
352 3470 427 3521 nent.
447 3469 504 3522 nat.
524 3470 582 3523 coll.
603 3470 627 3523 d
647 3471 651 3537 1
671 3469 786 3539 natura]
811 3483 846 3523 sc.
865 3471 919 3522 666
944 3468 952 3535 11
978 3471 1012 3519 25
1035 3465 1107 3522 locis

98 3538 128 3592 in
158 3538 258 3594 ocisd
