2408 3832
462 148 670 204 PRAEFATIO
999 144 1076 203 XVII

55 305 122 364 Nili
144 303 374 380 descriptionem
397 293 449 383 (N.
464 299 498 370 Q.
512 300 581 359 lVa
600 318 664 376 cap.
684 292 718 380 2)
740 301 773 358 in
795 299 906 358 librum
929 300 956 357 X
978 303 1075 359 trans*

55 395 161 453 tulisse
185 393 278 468 Diale,
307 392 446 450 ultimam
473 389 578 450 mundi
606 389 831 448 inundationem
862 381 923 470 (HI
944 383 1075 471 27sqq.)

55 484 88 541 in
121 482 344 559 oppugnatione
376 480 492 540 Herdae
523 481 556 537 in
588 478 671 536 LIV
703 479 891 537 ennarranda
923 479 1075 538 imitatum

55 591 120 644 esse
143 571 254 630 Hosius
282 572 443 630 evicerunt.
488 587 583 645 neque
611 567 731 640 dubito,
759 569 831 643 quin
859 568 958 643 plures
986 567 1076 627 libro·

53 681 127 722 rum
160 660 277 718 Iv-x
312 677 414 719 versus
452 657 580 717 Senecae
617 656 730 732 placita
767 659 887 732 sapiant
923 649 1023 737 (Stud.
1060 657 1077 716 I

57 750 123 810 108
141 768 205 824 sqq.
231 739 317 828 127).
372 767 468 824 neque
502 766 570 806 vero
605 746 734 804 multum
769 744 838 803 inde
876 746 1001 805 subsidii
1038 747 1076 804 ad

54 842 175 901 textum
199 837 326 897 Senecae
351 835 567 895 emendandum
590 836 700 908 evadit,
730 837 756 894 si
784 835 890 892 ultima
913 834 983 893 libri
1005 834 1076 894 IVa

57 929 160 1004 capita
183 945 261 985 nunc
283 925 439 1002 deperdita
462 925 580 1000 excipis,
604 943 681 1000 quae
699 923 838 983 Lucanus
861 925 980 1001 integra
1002 925 1077 1002 legit

58 1019 91 1075 et·
114 1015 267 1092 expressit.
1071 1045 1073 1049 ,

125 1105 236 1164 lisdem
255 1103 493 1176 Quaestionibus,
511 1103 660 1178 imprimis
678 1101 763 1161 libris
780 1102 828 1160 HI
842 1103 872 1160 et
886 1101 921 1178 V,
937 1104 1076 1161 Aetnae

55 1195 200 1254 carminis
230 1196 336 1253 auctor
365 1212 436 1251 usus
468 1194 526 1266 est,
555 1194 607 1267 qui
636 1191 716 1250 intra
745 1209 889 1250 annorum
914 1192 955 1250 64
979 1195 1010 1250 et
1034 1192 1075 1250 78

55 1285 190 1359 spatium
213 1283 290 1341 illud
312 1282 497 1358 conscripsit.
543 1281 623 1340 hunc
649 1280 748 1356 ipsum
770 1279 920 1339 Lucilium
943 1281 1037 1340 fuisse
1061 1301 1076 1340 e

56 1372 188 1432 Senecae
224 1372 353 1447 epistula
392 1373 431 1431 79
469 1389 556 1429 nemo
598 1370 687 1428 certis
727 1369 895 1428 rationibus
935 1369 1077 1444 probavit

55 1480 154 1536 neque
199 1460 353 1537 probabit,
395 1463 496 1518 tamen
537 1459 665 1534 suspicio
709 1477 769 1517 non
811 1459 856 1517 est
896 1458 1076 1519 semovenda

56 1543 160 1632 (stud.
183 1550 199 1608 I
224 1543 310 1631 107).
360 1549 536 1608 manifestus
566 1550 647 1607 enim
678 1551 723 1606 est
754 1547 911 1622 utriusque
945 1548 1075 1608 auctoris

56 1657 219 1699 consensus
242 1657 260 1696 a
282 1639 386 1698 multis
412 1636 624 1712 interpretibus
648 1637 780 1696 detectus
808 1639 837 1694 et
865 1637 999 1714 agnitus,
1024 1637 1077 1713 qui

56 1748 155 1804 neque
182 1728 306 1787 fortuito
338 1729 418 1786 inter
445 1728 584 1802 aequales
611 1725 647 1785 de
675 1725 777 1784 eadem
804 1727 931 1784 materia
961 1727 1076 1786 locutos

56 1817 242 1876 intercedere
274 1836 369 1893 neque
402 1836 437 1875 ex
469 1815 572 1874 eodem
601 1813 713 1875 Graeco
745 1815 828 1874 fonte
861 1834 998 1874 emanare
1029 1835 1077 1874 me

56 1906 158 1966 iudice
180 1908 288 1982 potuit.
326 1923 509 1982 quamquam
527 1904 606 1964 enim
627 1923 723 1963 sermo
746 1906 879 1979 poeticus
902 1907 933 1962 et
955 1904 1077 1982 figurae,

58 1995 171 2072 quibus
204 1995 328 2071 spiritus
362 1997 533 2070 ceteraeque
564 1995 691 2053 naturae
720 1993 798 2052 vires
828 1996 981 2068 tamquam
1011 2013 1076 2069 per·

57 2103 152 2144 sonae
182 2087 212 2143 et
242 2084 384 2143 animalia
416 2083 656 2156 introducuntur,
684 2083 723 2140 ad
755 2101 939 2141 communem
968 2084 1078 2142 utrius-

44 2156 121 2250 'que
156 2173 269 2233 fontem
304 2173 443 2248 redeunt,
480 2172 601 2231 obstant
637 2174 738 2230 tamen
769 2190 855 2230 voces
887 2171 1015 2230 Latinae
1047 2175 1078 2230 et

57 2262 257 2334 sententiolae
289 2264 400 2321 mirum
430 2261 463 2320 in
494 2261 616 2320 modum
648 2263 865 2337 conspirantes,
897 2279 934 2319 ne
962 2261 1077 2321 Aetnae

57 2370 181 2410 carmen
213 2355 282 2410 ante
308 2350 470 2409 Naturales
498 2349 691 2419 Quaestiones
719 2368 821 2409 earum
850 2349 935 2408 nulla
961 2352 1078 2409 ratione

57 2439 166 2499 habita
188 2441 386 2516 compositum
409 2458 472 2499 esse
495 2439 683 2498 coniciamus.
727 2459 764 2498 ne
787 2439 988 2514 praefationes
1012 2439 1078 2514 qui-

57 2530 130 2588 dem
162 2527 291 2588 Senecae
323 2529 499 2605 praeterisse
530 2528 650 2587 videtur
681 2530 784 2604 poeta,
816 2527 852 2586 cf.
876 2528 936 2586 VH
961 2531 977 2586 1
1010 2547 1078 2588 cum

57 2619 176 2678 Aetnae
198 2618 331 2677 versibus
357 2619 421 2677 224
431 2637 495 2694 sqq.
515 2620 545 2677 et
565 2618 627 2676 251
654 2611 699 2695 [et
721 2618 848 2676 fortasse
871 2617 919 2675 III
941 2618 1033 2692 praef.
1057 2620 1075 2677 3

58 2727 130 2767 cum
150 2708 264 2765 Aetnae
284 2727 309 2765 v.
326 2703 396 2782 24].
430 2727 469 2766 an
491 2709 526 2764 tu
548 2706 624 2764 illud
647 2707 792 2782 placitum
810 2706 842 2764 in
864 2707 946 2765 fonte
965 2705 1077 2766 Graeco

56 2798 154 2855 fnisse
185 2793 295 2872 putas?
328 2795 413 2872 quid,
445 2795 525 2872 quod
557 2795 618 2853 alia
650 2814 769 2871 quoque
802 2794 930 2854 Senecae
965 2796 1078 2871 scripta

58 2888 169 2961 poetae
202 2883 419 2944 innotuerunt?
469 2885 590 2943 initium
623 2884 702 2942 enim
734 2884 871 2943 Herculis
904 2885 1077 2963 tragoediae

57 2975 93 3033 in
125 2973 224 3033 Aetna
256 2992 426 3050 expressum
458 2992 521 3033 esse
554 2972 678 3032 Carolus
709 2972 836 3049 Catholy
868 2991 951 3032 meus
983 2994 1078 3051 nuper

58 3064 245 3138 observavit,
275 3064 311 3122 cf.
334 3063 421 3123 Herc.
451 3082 480 3122 v.
504 3065 524 3121 4
554 3080 769 3136 paucumque
797 3063 911 3122 Nereus
934 3066 1077 3137 porripc'

58 3156 179 3211 terras
207 3157 284 3212 celet
309 3155 340 3211 et
362 3152 478 3212 Aetnae
501 3173 527 3212 v.
553 3154 595 3211 94
618 3169 833 3226 paucumque
861 3155 1019 3211 immensas
1047 3169 1078 3211 ce

58 3245 179 3301 terrae
202 3244 362 3315 porreeti
386 3243 466 3300 orbis
489 3243 660 3314 extremique
682 3243 776 3300 morie
798 3244 896 3300 curuis
918 3243 1078 3314 ioclapc'tcr

58 3331 159 3390 aaa.
195 3348 291 3406 neque
309 3332 404 3408 igitur
421 3330 554 3405 dubium,
573 3330 647 3405 quin
664 3329 794 3405 pendeat
812 3334 902 3406 poeta
920 3348 938 3388 a
957 3329 1077 3404 Seneca,

59 3438 159 3495 neque
178 3420 254 3478 mibi
270 3420 399 3496 quidem,
417 3422 491 3494 quin
509 3418 645 3479 Lucilius
663 3419 715 3476 ille
735 3436 797 3478 esse
816 3421 958 3494 potuerit.
986 3421 1084 3490 atqua

58 3510 123 3580 iam
142 3526 261 3567 carmen
281 3510 444 3568 miserrime
467 3508 615 3568 traditum
629 3507 845 3570 llaturabbus
859 3500 1112 3576 Quaestionum

112 3615 221 3655 Smeu
232 3626 352 3657 aarum
369 3629 473 3665 prusa.
487 3621 525 3663 ed.
542 3621 667 3665 (tetcka.
930 3602 958 3654 Ὃ
