2408 3832
130 181 196 246 212
449 182 480 236 L.
499 182 642 236 ANNAEI
660 182 826 238 SENECAE

129 329 227 394 habet
250 330 385 412 exitum,
413 330 481 393 sinc
505 330 622 394 iniuria
648 330 780 414 labitu13
809 330 836 394 si
862 329 996 393 offendit
1023 328 1151 411 aliquid

130 422 163 482 et
189 418 317 502 incidit,
341 419 428 501 quod
449 420 535 482 viam
560 419 734 500 clauderet,
761 423 839 484 tunc
865 423 1015 483 oneratur
1041 419 1150 502 primo

130 509 318 572 infundente
342 531 375 573 se
399 530 417 571 a
439 512 531 594 tergo
556 513 635 591 aere,
660 508 772 572 deinde
795 531 854 591 per
872 509 1014 591 aliquam
1031 507 1152 570 rimam

129 598 271 682 maligne
294 598 379 682 fugit
403 601 434 661 et
456 596 519 661 hac
543 598 646 662 acrius
669 598 779 680 fertur,
803 619 867 681 qua
891 597 1068 682 angustius.
1117 596 1152 659 id

75 687 198 749 ¹tsine
222 708 332 772 pugna
354 708 420 751 non
442 690 549 769 potest
572 687 650 768 fieri,
673 707 732 751 nec
753 708 864 771 pugna
887 688 956 750 sine
978 689 1079 749 motu.
1118 689 1152 748 at
1179 713 1190 754 s

131 775 158 838 si
181 796 221 839 ne
243 776 359 839 rimam
384 775 525 857 quidem,
547 797 720 859 perquam
744 774 897 859 efflueret,
920 776 1053 855 invenit,
1076 795 1153 839 con-

131 864 280 950 globatus
304 864 372 928 illic
390 864 470 929 furit
494 868 525 928 et
547 864 610 928 hoc
629 868 726 946 atque
745 864 802 928 illo
823 864 1053 950 circumagitur
1074 864 1152 927 elia-

132 975 193 1035 que
226 953 323 1018 deicit
357 954 420 1017 alia
452 953 628 1035 intercidit,
658 974 732 1017 cum
761 954 968 1018 tenuissimus
999 952 1152 1036 idemque

130 1043 327 1107 fortissimus
347 1046 379 1105 et
397 1043 516 1126 irrepat
539 1043 685 1125 quamvis
706 1044 740 1104 in
759 1044 925 1106 obstructa
943 1048 975 1106 et
994 1042 1152 1125 quicquid

131 1132 263 1196 intravit
283 1133 316 1194 vi
335 1152 392 1194 sue
411 1132 540 1195 diducat
558 1152 595 1194 ac
615 1132 754 1214 dissipet.
789 1137 865 1195 tunc
889 1135 974 1196 terra
998 1133 1151 1196 iactatur:
1166 1159 1190 1198 ιο

131 1225 187 1283 aut
210 1221 295 1283 enim
320 1221 432 1284 datura
455 1226 551 1285 venta
575 1220 684 1284 lacum
708 1220 852 1302 discedit,
875 1224 931 1284 aut
955 1242 1029 1285 cum
1053 1220 1152 1303 dedit,

131 1309 165 1371 in
189 1311 301 1392 ipsam,
325 1330 388 1391 qua
411 1311 503 1373 illum
522 1311 637 1392 emisit,
662 1331 829 1374 cavernam
847 1310 1058 1373 fundamenta
1078 1331 1152 1393 spc-

130 1396 209 1461 liate
232 1399 378 1463 considit.

98 1504 111 1550 1
201 1486 249 1550 15.
283 1484 419 1561 Quidam
444 1489 489 1550 ite
512 1489 711 1551 existimant:
735 1491 818 1552 terra
841 1487 952 1552 multis
976 1489 1056 1551 lacis
1080 1511 1152 1572 per·

131 1576 236 1639 forata
260 1579 389 1640 estnec
412 1580 538 1641 tuntum
561 1580 683 1661 primos
707 1577 780 1641 illos
805 1577 909 1640 aditus
933 1577 1044 1660 habet,
1069 1599 1151 1660 quos
1167 1603 1192 1644 1⁶

131 1666 220 1728 velut
244 1667 439 1748 spiramenta
463 1665 501 1728 ab
526 1667 619 1731 initio
644 1668 694 1731 sui
716 1668 851 1750 recepit,
877 1666 932 1729 sed
957 1666 1077 1730 multos
1103 1667 1153 1730 illi

133 1775 224 1818 casus
254 1756 420 1838 imposuit:
450 1755 550 1819 aliubi
578 1756 710 1819 deduxit
738 1755 892 1837 quicquid
919 1776 1055 1838 superne
1090 1760 1153 1819 ter-

131 1844 201 1908 reni
229 1847 296 1906 erat
329 1864 425 1926 aqua,
454 1845 516 1908 alia
543 1848 699 1908 torrentes
729 1845 883 1927 cecidere,
914 1845 977 1907 alia
1009 1845 1153 1909 aestibus

132 1934 258 2017 magnis
282 1932 428 2016 disrupta
450 1936 631 2017 patuerunt.
677 1956 735 2017 per
757 1933 835 1998 haec
860 1935 1028 1999 intervalla
1051 1935 1155 1998 intrat

205 2148 218 2194 1
237 2144 271 2209 cf.
288 2146 393 2197 Aetnae
406 2161 429 2197 a.
441 2148 495 2197 374
518 2160 603 2197 causa
625 2144 702 2209 latet,
726 2161 795 2211 quae
817 2150 929 2212 rumpat
951 2144 1003 2197 iter
1022 2152 1156 2215 caputque

133 2216 244 2268 marari.
260 2219 331 2283 ]1.2
350 2215 384 2280 ef.
401 2217 505 2268 Aetnae
524 2218 731 2269 11290-293.
747 2218 788 2285 114
804 2216 838 2281 cf.
855 2217 960 2270 Aetnae
978 2233 1001 2269 c.
1018 2219 1073 2270 146
1087 2234 1155 2285 quo-

133 2303 184 2354 que
203 2291 242 2340 est
260 2288 410 2341 catenesiae
428 2287 508 2354 ipae‘s.
547 2289 600 2339 142
619 2291 666 2340 ae'r
684 2293 793 2340 tantum
815 2287 911 2356 effuptt
932 2288 1016 2340 ultra.
1053 2304 1079 2342 a.
1095 2293 1158 2343 286

129 2358 243 2426 plenius
260 2358 310 2410 bac
328 2359 411 2411 ettam
430 2360 617 2424 (concrescunt
634 2359 755 2425 anianae)
772 2399 778 2411 .
795 2399 799 2410 .
819 2359 828 2425 ΙΙ
847 2362 862 2409 t
882 2359 915 2424 ef.
932 2361 1038 2413 Aetnae
1056 2375 1081 2411 a.
1099 2365 1157 2414 168

313 2431 439 2497 crepantis
457 2445 525 2496 apae
543 2435 582 2482 est
600 2430 725 2482 turbanti
742 2429 871 2495 faucibus
889 2446 940 2497 eqs.

132 2500 201 2553 ibid.
218 2503 271 2554 301
292 2503 388 2567 (aura)
404 2506 515 2569 puprtat
532 2501 563 2552 in
582 2507 706 2570 anqusto.
727 2505 779 2554 115
789 2517 826 2568 sq.
848 2503 857 2569 l]
877 2505 976 2552 14-19
995 2502 1030 2567 cf.
1045 2503 1157 2557 Aetnae

131 2588 174 2625 aa.
187 2575 339 2625 330-332.
354 2573 363 2639 ΙΙ
377 2577 407 2622 lt
426 2573 460 2638 cf.
476 2573 582 2626 Aetnae
596 2589 619 2625 a.
632 2577 684 2624 181
700 2573 771 2626 canti
782 2613 787 2624 .
800 2616 805 2625 .
816 2571 917 2626 aditus.
932 2572 941 2640 ]
955 2577 987 2624 16
1000 2574 1034 2640 cf.
1046 2575 1157 2628 Aetnae

132 2659 159 2696 a.
179 2646 233 2696 135
253 2684 258 2696 .
281 2685 285 2695 .
306 2643 391 2696 libera
417 2644 504 2697 uentis
528 2643 696 2710 spiramenta
721 2643 813 2697 latent.
837 2644 846 2710 ΙΙ
869 2648 945 2694 19-
949 2660 979 2711 p.
995 2647 1092 2710 213,5
1118 2647 1155 2712 cf.

135 2715 241 2768 Aetnae
260 2732 283 2768 a.
300 2719 353 2766 150
362 2730 415 2781 sqq.
435 2731 485 2767 nee
509 2719 598 2767 tanen
618 2715 651 2780 (l.
672 2718 816 2781 tantum)
841 2716 872 2767 in
890 2715 996 2784 ripidce
1014 2717 1073 2769 eait
1090 2734 1156 2771 aaa·

136 2791 212 2839 tenta
229 2786 338 2839 canales
356 2786 398 2838 uie
416 2786 525 2839 animae
543 2786 713 2851 flammaeve:
738 2787 805 2850 ruit,
824 2802 879 2852 qua
894 2787 1025 2854 proxima
1045 2789 1156 2855 cedunt,

136 2857 303 2924 oblicumque
321 2862 401 2921 secat,
421 2872 476 2923 qua
494 2857 553 2910 aisa
573 2857 718 2910 tenerrima
737 2862 830 2910 crusta
848 2862 892 2910 est.

208 3057 222 3103 1
244 3050 312 3121 lab]
333 3050 456 3104 elabitur
474 3053 498 3105 d
519 3055 528 3120 ΙΙ
551 3052 674 3123 2quod]
696 3069 781 3120 quam
800 3055 840 3122 11
858 3052 1013 3124 clauderet]
1034 3053 1116 3108 -dent
1137 3061 1156 3109 0

137 3122 201 3175 -dat
219 3123 268 3176 δΕ
294 3126 298 3191 ]
324 3125 380 3195 on]
403 3123 557 3177 honeratur
575 3128 646 3175 ΔΕ]
651 3129 724 3176 101²
747 3128 756 3191 ]]
779 3129 794 3176 8
813 3124 926 3195 rimam]
950 3124 1062 3177 ruinam
1081 3131 1156 3180 Ero

137 3193 215 3245 uiam
232 3210 255 3248 a.
272 3194 327 3248 td
346 3198 355 3264 ΙΙ
376 3200 393 3247 6
416 3195 463 3265 ne]
492 3210 543 3247 nec
566 3193 627 3248 (51²²
651 3198 655 3264 Ι
682 3194 818 3266 efflueret]
847 3195 945 3248 effluat
963 3200 1010 3247 BE
1039 3196 1157 3252 efflaue-

137 3267 183 3317 rat
200 3270 224 3317 A
237 3267 275 3333 ]7
295 3266 360 3337 hoc]
379 3266 434 3318 huc
452 3267 532 3336 culpa
548 3267 552 3337 ]
568 3265 630 3336 illa]
652 3265 718 3318 illoc
736 3271 758 3317 Δ
776 3265 844 3319 illuc
862 3269 905 3334 B]
924 3271 940 3318 8
960 3267 1058 3337 deicit]
1079 3268 1156 3324 deie-

138 3336 177 3390 cit
196 3338 224 3390 c
242 3342 250 3403 ΙΙ
269 3341 300 3388 10
318 3337 448 3408 intrauit]
468 3337 618 3390 intrauerit
637 3338 685 3389 Δλ
703 3339 712 3405 ΙΙ
729 3342 757 3389 11
774 3338 872 3408 uento]
891 3339 984 3391 uentis
1002 3340 1024 3392 d
1040 3341 1044 3406 1
1062 3340 1157 3413 dedit]

134 3407 187 3462 ille
209 3407 284 3461 redit
306 3409 329 3462 δ
351 3412 360 3477 ΙΙ
383 3414 413 3461 12
438 3409 506 3479 qua]
530 3424 603 3477 quae
626 3412 698 3478 1ορ
721 3409 729 3475 Η
752 3413 782 3458 lt
806 3409 929 3480 tantum]
955 3412 1051 3463 tamen
1075 3413 1098 3464 d
1103 3417 1131 3466 11
1149 3416 1158 3483 ΙΙ

123 3483 161 3530 16
178 3479 305 3552 recepit]
321 3479 427 3552 recipit
446 3483 470 3536 d
492 3484 501 3551 ΙΙ
524 3486 553 3533 17
573 3479 654 3551 imp]
672 3480 774 3530 natura
793 3479 857 3532 add.
878 3482 901 3533 d
921 3485 925 3548 ]
946 3480 1035 3533 aliubi
1054 3485 1157 3559 Bw]

112 3547 232 3629 alieubi
247 3554 256 3625 s
272 3553 369 3625 quicq.
386 3554 453 3611 ded.
473 3555 537 3611 coll.
552 3558 600 3626 Δρ
612 3554 667 3622 1119
687 3549 770 3619 dist]
785 3548 901 3617 dirupta
918 3553 969 3603 dn
