2408 3832
326 174 461 229 NATUR.
481 172 631 240 QUAEST.
650 173 717 227 LIB.
736 173 808 228 IVb.
828 179 925 226 9—12.
1038 240 1040 244 ,
1072 172 1133 236 167

114 319 224 383 remus
254 323 358 383 totum
384 320 492 384 orbem
516 324 673 384 terrarum
702 320 802 402 pilam
826 341 903 383 esse.
949 319 1033 403 pilae
1063 334 1171 402 pro-3

114 409 236 491 prietes
260 413 308 472 est
332 431 403 472 cum
428 410 621 491 aequalitate
646 409 784 492 quadam
806 408 996 489 rotunditas,
1020 430 1134 490 aequa·

113 499 240 561 litatem
264 501 370 561 autem
393 497 476 561 hanc
495 499 613 580 accipe,
633 520 729 580 quarn
749 497 838 561 vides
859 498 893 559 in
916 497 1037 560 lusoria
1055 497 1134 580 pila:

112 609 180 650 non
204 588 342 650 multum
370 588 419 650 illi
450 587 676 651 commissurae
700 587 852 650 atrimae
876 608 986 650 earum
1008 589 1134 667 nocent,

81 698 181 757 equo
206 676 311 739 minus
326 698 393 758 ‘par
417 675 478 739 sibi
498 675 541 738 ab
566 676 655 738 omni
677 679 767 758 parte
791 675 923 738 dicatur.
971 675 1133 757 quomodo

111 765 147 828 in
178 764 239 828 hac
268 765 334 848 pila
363 764 446 828 nihil
475 765 532 827 illa
561 765 729 828 intervalla
753 764 900 828 officiunt
930 763 970 826 ad
993 764 1133 846 speciem

110 854 252 937 rotundi,
276 855 323 918 sic
345 877 385 918 ne
409 854 443 916 in
465 854 614 917 universo
635 853 763 935 quidem
784 853 859 917 orbe
878 856 1035 916 terrarum
1055 853 1134 916 editi

110 946 248 1025 montes,
279 965 416 1025 quorum
448 942 583 1007 altitudo
607 943 706 1005 totius
730 941 842 1005 mundi
865 942 1036 1006 ooHatione
1060 963 1133 1006 oon·

113 1033 258 1095 sumitur.
307 1033 363 1114 qui
387 1032 465 1096 dicit
488 1033 634 1096 altiorem
657 1036 813 1112 montem,
837 1031 913 1114 quia
936 1033 1037 1096 solem
1060 1053 1133 1114 pro·
1152 1048 1169 1094 4

67 1145 96 1185 ro
113 1122 188 1203 pius
212 1122 359 1204 excipiat,
389 1122 492 1206 magis
517 1122 618 1185 calere
643 1121 765 1202 debere,
788 1119 874 1183 idem
896 1123 1005 1203 potest
1029 1119 1133 1185 dicere

111 1210 293 1294 longiorem
317 1210 481 1274 hominem
505 1211 600 1273 citius
621 1232 717 1292 quam
740 1208 895 1292 pusillum
915 1209 1029 1274 debere
1054 1211 1133 1274 cale

112 1300 184 1362 fieri
207 1303 239 1363 et
263 1303 358 1383 caput
382 1300 476 1363 citius
495 1321 592 1381 quam
614 1299 725 1382 pedes:
750 1303 782 1361 at
805 1299 952 1381 quisquis
977 1298 1133 1362 mundum

112 1411 263 1452 mensura
286 1411 343 1452 sua
371 1388 585 1452 aestimaverit
609 1391 640 1451 et
667 1392 784 1452 terram
809 1388 998 1472 cogitaverit
1025 1391 1133 1453 tenere

112 1478 226 1560 puncti
243 1479 360 1559 locum,
384 1478 549 1563 intelleget
567 1477 650 1540 nihil
672 1478 707 1540 in
729 1479 785 1540 illa
804 1478 848 1540 ita
866 1499 961 1560 posse
985 1477 1132 1559 eminere,

69 1592 96 1632 rs
112 1570 150 1630 ut
181 1566 330 1630 caelestia
358 1567 462 1651 magis
493 1568 618 1648 sentiat,
640 1568 729 1630 velut
759 1567 793 1628 in
815 1567 1036 1649 propinquum
1067 1565 1131 1629 illis

112 1656 288 1719 accesserit.
335 1660 460 1722 montes
488 1657 555 1737 isti,
584 1677 666 1738 quos
695 1656 901 1739 suspicimus,
934 1658 965 1719 et
997 1656 1167 1719 verticoso

112 1748 241 1809 aeterna
262 1745 336 1808 nive
360 1745 482 1808 obsessi
504 1745 714 1808 nihilominus
739 1746 773 1807 in
796 1745 861 1808 imo
886 1748 974 1828 sunt3
1004 1747 1036 1807 et
1059 1766 1132 1826 pro·

111 1835 185 1917 pius
210 1834 340 1916 quidem
364 1838 413 1898 est
436 1857 454 1897 a
477 1835 544 1898 sole
567 1855 660 1898 mons
680 1855 777 1916 quarn
801 1855 932 1916 campus
957 1837 1012 1897 aut
1029 1833 1132 1914 vallis,

112 1923 169 1987 sed
200 1924 259 2005 sic,
289 1923 450 2004 quomodo
482 1927 531 1987 est
559 1924 646 2007 pilus
676 1923 743 2006 pilo
768 1923 912 1986 crassior.
958 1923 1020 1985 isto
1045 1923 1131 1986 enirn

68 2038 96 2078 ao
111 2012 208 2075 modo
240 2016 272 2076 et
301 2013 396 2075 arbor
426 2013 488 2076 alia
517 2011 620 2097 magis
652 2034 750 2094 quam
783 2012 845 2074 alia
873 2011 997 2075 dicetur
1023 2011 1131 2075 vicina

111 2103 207 2166 caelo.
255 2100 344 2183 quod
367 2104 415 2166 est
437 2102 564 2182 falsum,
588 2101 664 2184 quia
686 2102 771 2164 inter
792 2101 911 2183 pusilla
933 2122 1000 2163 non
1022 2104 1130 2182 potest

108 2211 263 2275 magnum
283 2212 351 2254 esse
366 2191 544 2272 discrimen,
562 2191 625 2253 nisi
646 2191 722 2253 dum
741 2190 825 2253 inter
842 2212 875 2253 se
896 2193 1129 2272 comparantur.

108 2278 167 2342 nbi
191 2278 231 2342 ad
255 2279 459 2345 collationem
482 2280 630 2343 immensi
655 2278 798 2362 corporis
817 2282 949 2342 ventum
969 2282 1025 2360 est,
1048 2278 1131 2342 nihil

108 2370 250 2450 interest,
271 2372 391 2450 quanto
416 2369 458 2432 sit
480 2370 616 2432 alterum
641 2370 740 2432 altero
764 2368 875 2449 maius,
896 2367 981 2449 quia,
1005 2368 1130 2431 etiarnsi

66 2483 93 2523 ss
108 2478 227 2542 magno
252 2457 443 2540 discrimine,
467 2462 575 2521 tamen
598 2458 731 2521 minima
753 2457 932 2520 vincuntur.

180 2546 228 2609 12,
263 2544 326 2609 Sed
357 2550 394 2609 ut
422 2546 462 2610 ad
493 2546 696 2630 propositum
728 2549 876 2627 revertar,
908 2550 1041 2628 propter
1072 2545 1129 2609 has

182 2762 197 2808 3
218 2759 325 2828 autem]
345 2775 401 2812 ¹oiri.
423 2763 438 2809 s
464 2759 467 2824 Ι
493 2757 577 2827 hanc]
606 2762 670 2810 ante
689 2757 784 2809 autem
803 2755 859 2822 31³¹
884 2758 945 2824 pos't
970 2755 1067 2824 accipe
1085 2757 1126 2824 ΕΙ

108 2828 228 2899 lusoria]
248 2828 358 2882 luxoria
376 2835 394 2881 Ζ
417 2827 555 2896 lusior(i)a
574 2829 595 2881 λ
618 2827 710 2880 lusoia
728 2828 761 2880 1²¹
780 2828 788 2895 Η
807 2833 823 2879 4
842 2828 942 2898 rimae]
963 2827 1061 2880 ruinae
1080 2828 1104 2880 δ
1123 2829 1127 2895 Ι

108 2901 218 2971 earum]
239 2901 299 2953 eius
317 2906 333 2952 J
338 2900 347 2929 ²
367 2902 376 2968 ll
398 2905 412 2950 5
432 2900 495 2969 par]
514 2915 580 2967 pars
599 2900 620 2952 λ
641 2901 650 2968 ΙΙ
670 2905 687 2952 6
706 2899 767 2970 illa]
792 2898 851 2952 ulla
870 2901 893 2952 δ
913 2900 922 2968 ll
943 2904 974 2950 10
993 2898 1131 2969 excipiat]

107 2971 294 3109 dxill'llidd
306 2974 309 3038 Ι
323 2970 474 3112 apsteeffadi
489 2971 552 3109 dall
580 2970 915 3113 di⁰dripp'0lse¹ltl⁰lll²
942 2969 1128 3110 llnidlulidi

106 3115 220 3182 -quod
238 3115 247 3181 ll
265 3059 442 3183 ltqpropius]
465 3059 642 3182 propiorpGe.
662 3061 738 3181 clpp.
759 3117 874 3178 162,16
893 3113 902 3180 ll
922 3060 953 3164 llll
973 3060 999 3165 ap
1010 3111 1068 3165 sole
1086 3114 1130 3164 est

107 3186 168 3239 coll.
189 3187 238 3239 δλ
255 3186 258 3255 l
276 3201 361 3252 quam
380 3202 402 3238 c.
418 3216 453 3223 —
467 3190 503 3237 20
521 3185 624 3255 magis]
644 3202 694 3238 om.
714 3186 737 3237 d
763 3191 766 3250 l
791 3190 822 3236 18
847 3183 933 3236 uallis
952 3185 1010 3257 λρ]
1038 3182 1128 3235 ualles

106 3259 185 3325 ηθΖ
200 3258 208 3326 ll
223 3262 258 3308 20
273 3257 392 3326 dicetur]
414 3258 489 3308 terra
508 3257 553 3324 ‘sl
568 3262 599 3309 21
617 3256 720 3308 falsum
739 3257 782 3309 est
801 3257 859 3309 coll.
880 3257 910 3325 (η
920 3258 973 3323 ?)E
991 3259 994 3326 l
1010 3253 1127 3325 pusilla]

107 3327 160 3380 illa
179 3330 202 3382 δ
224 3329 233 3397 ll
256 3333 292 3380 22
310 3329 453 3397 magnum]
482 3334 546 3380 ante
571 3339 627 3379 non
646 3328 695 3380 dt
723 3333 787 3394 post
811 3341 871 3380 esse
890 3333 911 3379 E
933 3329 936 3393 l
958 3327 1037 3397 dum]
1064 3341 1128 3377 cunr

108 3401 206 3468 illm)
230 3402 238 3469 ΙΙ
261 3405 295 3451 23
315 3398 456 3469 immensi]
485 3399 583 3466 magni
601 3399 650 3451 Δλ
676 3401 679 3466 Ι
706 3398 841 3468 eorporis]
869 3404 958 3450 contr
991 3396 1127 3464 temporis

106 3476 181 3522 EJK
207 3473 216 3539 ll
243 3475 278 3522 24
302 3471 420 3541 quanto]
450 3471 587 3537 quantum
606 3471 698 3538 (ηλῗ)
718 3471 811 3522 onio
836 3470 840 3538 l
866 3468 914 3539 sit]
944 3476 1007 3522 orate
1034 3468 1126 3520 maius

107 3543 158 3595 dl
183 3543 187 3611 l
214 3542 336 3612 etiamsi]
356 3541 453 3596 etsid
