2408 3832
127 142 154 195 X
534 140 740 196 PRAEFATIO

189 293 338 371 Apertum
356 297 402 353 est
419 293 511 354 libros
529 292 578 352 ΠΙ
594 293 640 352 IV
640 313 659 352 a
677 294 770 352 etiam
787 295 858 352 ante
876 291 944 351 IVb
955 295 1148 369 'conscriptos

128 401 200 458 esse,
228 401 412 459 quamquam
437 382 511 442 haec
539 384 759 460 argumentatio
786 382 846 441 nisi
872 383 946 441 locis
974 382 1148 458 depravatis

126 472 179 532 sed
203 472 367 531 emendatis
390 471 491 530 fiilciri
514 491 574 532 non
592 474 712 547 poterit
749 475 876 546 uterque
894 473 974 529 enim
992 471 1070 530 liber
1086 491 1149 533 non

127 561 164 620 de
191 563 338 622 universis
366 561 543 621 caelestibus
570 561 622 620 sed
645 562 681 619 de
706 563 792 634 cquis
818 561 1002 622 terrestribus
1027 564 1149 620 tanum

128 650 201 728 agit,
220 652 297 709 sicut
310 649 358 708 HI
374 655 402 724 1,
418 655 435 710 1
453 649 604 710 Schultess
618 651 737 727 egregie
752 648 922 709 emendavit
936 641 1035 730 (Stud.
1049 649 1065 707 I
1081 642 1147 731 62).

126 741 174 798 his
197 757 293 815 aquae
318 740 460 798 caelestes
483 743 553 816 apte
576 739 812 815 opponebantur,
835 739 950 798 scilicet
971 739 1147 798 tractandae

126 830 159 887 in
186 828 263 888 libro
290 827 374 902 IVb,
403 830 486 888 ouius
513 819 644 887 frustula
667 846 768 888 vocem
795 828 880 887 illam
901 846 962 886 non
985 830 1146 888 continent

127 918 180 978 sed
201 917 241 977 ad
263 918 317 976 has
341 921 457 994 spectat
479 917 596 978 11123:
618 919 690 976 boec
713 922 755 976 est
777 935 842 991 erpo
860 935 1008 990 aquarum
1026 918 1148 977 divisio:

127 1008 300 1081 quaedam
323 1000 371 1087 (ut
393 1007 508 1066 essem
524 1007 630 1081 post†
653 1008 738 1065 illum
760 1000 823 1085 [vel
845 999 943 1084 idom]
968 1024 1002 1065 eo
1020 1009 1147 1080 postest·

127 1087 243 1177 ortbus)
263 1097 447 1165 caelestes,
470 1114 545 1169 quos
566 1097 669 1154 nubilo
689 1098 844 1163 excutiunt,
869 1114 902 1154 es
925 1098 1047 1154 terrenis
1070 1097 1149 1156 alsae

126 1190 197 1244 suot
215 1231 220 1242 .
238 1230 257 1252 .,
281 1187 360 1244 altae
384 1231 412 1243 ..
435 1186 492 1244 hoc
519 1185 585 1244 loco
609 1184 734 1259 Seneca,
759 1184 786 1242 si
807 1185 917 1244 rectius
946 1203 1026 1244 nunc
1056 1203 1148 1260 quam

127 1278 217 1334 antea
250 1266 349 1355 (Stud.
373 1274 388 1331 I
412 1267 468 1355 67)
503 1274 576 1350 quid
602 1274 678 1333 velit
709 1273 865 1351 intellego,
893 1293 954 1332 non
985 1273 1083 1332 solum
1111 1275 1147 1333 de

128 1365 217 1440 aquis
245 1362 423 1423 caelestibus
447 1364 499 1422 sed
526 1365 619 1422 etiam
643 1363 680 1422 de
703 1365 801 1438 operis
826 1365 874 1420 sui
896 1363 1034 1438 partibus
1058 1382 1147 1441 agere

127 1457 158 1513 et
180 1453 430 1529 dissertationem,
452 1472 543 1528 quem
569 1454 702 1511 nuncin
725 1452 803 1511 libro
821 1451 890 1510 IVb
918 1452 1056 1528 legimus,
1079 1471 1147 1529 pro·

126 1543 246 1601 mittere
269 1541 401 1617 videtur3
424 1561 517 1617 quare
541 1542 640 1600 nescio
664 1560 703 1600 an
725 1546 759 1599 ot
780 1542 895 1599 videtur
914 1544 1091 1613 praestitum
1114 1559 1148 1601 ec

122 1632 333 1705 posterioribus
360 1632 440 1690 recte
467 1631 694 1690 emendaverim.
746 1630 827 1689 hunc
858 1630 958 1688 locum
989 1631 1061 1690 licet
1093 1631 1148 1690 alii

127 1721 217 1779 aliter
240 1719 413 1796 expediant,
435 1720 548 1780 ordinis
576 1722 719 1779 contrarii
746 1721 949 1778 testimonium
974 1738 1037 1779 esse
1060 1738 1147 1779 nemo

127 1809 280 1869 contendit
303 1813 357 1868 aut
379 1809 545 1869 contendet.
578 1827 649 1868 nam
671 1809 748 1867 libro
762 1808 810 1866 III
827 1809 921 1867 totius
945 1811 1043 1884 operis
1062 1827 1147 1884 prae-

127 1899 273 1958 fationem
294 1899 449 1973 praemitti
476 1902 506 1957 et
528 1898 639 1956 librum
654 1898 722 1957 IVa
745 1899 797 1973 qui
820 1917 888 1956 eum
911 1897 1149 1973 subsequebatur

8 1980 13 1987 ’
127 1991 198 2046 ante
222 1986 362 2046 sublimia
385 1988 587 2063 conscriptum
610 2005 673 2046 esse
696 1990 810 2046 certum
833 1990 886 2045 est.

194 2076 308 2136 Eodem
335 2076 423 2135 modo
451 2076 592 2135 caelestia
619 2068 694 2157 (VII
721 2069 750 2156 Ι)
778 2074 954 2134 sublimibus
981 2078 1148 2135 recentiora

128 2184 191 2225 esse
214 2166 303 2224 facile
326 2165 477 2241 probatur.
524 2185 595 2224 nam
617 2165 733 2239 Π1,4
757 2166 853 2224 dicem
876 2167 953 2238 qood
975 2167 1070 2236 moyes
1092 2168 1146 2224 mi·

126 2273 195 2313 rure
231 2256 389 2314 videbitur:
424 2257 500 2313 inter
532 2255 665 2313 coelestio
702 2254 737 2312 de
773 2258 851 2312 terra
888 2255 1043 2312 dicendum
1080 2257 1149 2313 crit

128 2343 299 2403 edversario
322 2345 392 2403 ficto
411 2343 522 2402 Seneca
544 2343 649 2402 obicit:
672 2362 769 2418 neque
792 2344 886 2420 igitur
908 2342 945 2401 de
968 2342 1147 2403 caelestibus

128 2436 240 2510 egerat,
263 2451 330 2492 oum
347 2434 421 2491 haeo
439 2433 639 2509 prospiciebat
658 2425 787 2514 (StudI
804 2426 891 2511 119).
924 2431 1047 2508 accedit,
1067 2432 1147 2508 quod

129 2521 331 2581 definitionem
349 2521 430 2581 Iovis
448 2524 511 2594 ipsc
526 2524 602 2580 eroice
620 2523 737 2588 ertheo,
757 2522 834 2594 qood
851 2521 940 2589 vides,
960 2526 1057 2594 totum,
1072 2540 1146 2595 pcr-

127 2612 205 2671 sous
228 2614 290 2671 sois
313 2613 424 2670 inditus
448 2616 473 2670 ct
495 2629 526 2669 sc
547 2613 694 2669 sustinens
718 2616 744 2668 et
760 2628 817 2669 suo
840 2611 871 2668 Π
885 2612 971 2684 45,3
996 2611 1148 2686 prolatam

128 2700 172 2759 sic
189 2704 295 2776 postea
315 2701 472 2776 ampliavit
491 2704 521 2758 et
540 2703 682 2758 correxit:
701 2700 716 2757 Ι
733 2700 827 2776 praef.
845 2701 884 2758 13
905 2699 977 2772 quid
995 2704 1037 2758 est
1054 2701 1148 2759 deus?

128 2789 205 2862 qood
227 2790 308 2848 vides
331 2794 421 2848 totum
449 2794 475 2848 et
501 2790 578 2863 quod
599 2807 660 2847 non
682 2790 763 2847 eides
786 2793 875 2847 totum
892 2820 930 2830 —
946 2791 989 2847 sio
1012 2790 1147 2848 demum
1193 2812 1194 2815 ¹

127 2880 298 2952 mopoitodo
321 2880 366 2938 illi
389 2897 446 2938 sua
469 2879 603 2937 redditur
621 2897 676 2952 eps.
696 2870 795 2956 (Stud.
809 2877 826 2935 Ι
842 2870 929 2957 120).
962 2878 1046 2948 adde,
1066 2877 1147 2954 quod

127 2967 226 3040 1126,
242 2970 260 3026 9
285 2971 451 3027 correctum
474 2966 534 3035 12,
550 2969 623 3043 3sq.
646 2969 783 3025 iteretur.
820 2968 923 3042 itaque
947 2965 1059 3026 Seneca
1077 2966 1146 3026 sub·

128 3057 214 3116 limis
242 3057 353 3116 librum
375 3057 407 3115 H
436 3060 555 3131 praeter
577 3057 652 3115 alios
682 3057 818 3132 amplexa
842 3059 980 3114 anteros
1004 3055 1147 3116 caelestes

128 3145 259 3205 absolvit
286 3138 386 3226 (Stud.
410 3146 425 3203 Ι
450 3148 513 3204 124
526 3138 614 3226 sqq.).
660 3146 691 3204 id
718 3165 810 3202 unum
833 3145 1038 3204 Hermannum
1062 3145 1146 3205 Diels

127 3236 236 3295 merito
264 3235 401 3309 offendit,
429 3235 509 3311 quod
537 3237 568 3292 in
596 3235 672 3295 libro
700 3235 716 3292 I
743 3236 944 3293 recentissime
972 3234 1083 3310 scripto
1108 3234 1146 3293 ad

129 3333 201 3383 aera
236 3325 372 3401 relapsus
409 3324 635 3399 dispositionem
672 3324 839 3400 generalem
876 3323 1008 3400 neglexit
1046 3316 1146 3405 (Stud.

129 3405 248 3494 1125).
299 3418 428 3473 ceterum
458 3432 475 3471 a
502 3413 627 3472 terrenis
660 3433 726 3471 eum
755 3413 793 3470 ad
821 3412 960 3471 sublimia
989 3416 1079 3488 atque
1108 3412 1147 3470 ad

114 3503 264 3560 caelestia
287 3503 457 3562 ascendisse
481 3522 558 3561 nunc
582 3506 707 3563 constet.
