2408 3832
341 163 474 218 rarus.
495 163 782 230 QUAEST.LIB.11.
803 172 880 219 a-a.
1076 169 1120 231 45

171 309 199 372 3.
234 308 363 391 Omnia,
395 331 475 393 qnae
508 312 541 374 in
571 311 719 375 notitiam
748 315 892 376 nostram
920 313 1038 377 cadunt
1065 316 1153 386 autl

104 399 216 464 cadere
239 404 383 482 possunt,
406 400 543 464 mundus
567 401 804 484 complectitur3
827 423 867 465 ex
889 400 940 465 his
965 401 1120 484 quaedam

103 493 210 572 partes
234 489 302 552 eius
326 493 413 570 sunt,
441 489 596 572 quaedam
619 490 769 554 materiae
792 492 864 554 loco
888 491 1012 555 relicta:
1041 491 1120 555 desi-

104 578 195 642 derat
224 578 309 641 enim
340 579 443 642 omnis
474 582 587 642 natura
617 580 782 643 materiam
813 580 897 643 sicut
926 601 976 643 ars
1008 580 1120 661 omnis,

76 688 186 748 squae
219 689 315 730 manu
348 671 439 731 const
458 671 479 730 t.
527 667 604 750 quid
637 667 679 731 sit
710 667 785 749 hoc,
818 669 958 750 apertius
991 669 1154 733 faciamza
1191 705 1194 711 ·

104 778 179 839 pars
199 759 247 819 est
269 757 371 819 nostri
390 757 502 820 oculus
524 779 637 821 manus
657 778 729 821 ossa
747 758 845 837 nervi,
869 757 1002 821 materia
1025 778 1120 821 sucus

103 845 241 908 recentis
273 845 336 908 cibi
366 846 468 909 iturus
499 846 532 908 in
562 849 676 929 partes.
722 868 831 910 rursus
856 847 947 928 quasi
975 868 1048 928 pars
1072 849 1121 911 est

105 935 236 1018 sanguis
259 934 370 1014 nostri,
390 935 467 1016 quio
485 933 602 1017 (pars)
620 939 653 999 ct
671 940 777 998 tamen
797 939 845 999 est
863 935 1008 998 materia:
1032 957 1120 1018 prae·

105 1026 198 1105 parat
227 1024 312 1087 enim
342 1024 449 1087 uitalia
478 1027 511 1087 εὴ
539 1024 749 1088 nihilominus
782 1025 815 1086 in
846 1045 978 1088 numero
1009 1046 1120 1088 eorum

63 1139 90 1178 ιο
105 1115 163 1192 est,
186 1111 301 1193 quibus
325 1116 429 1175 totum
453 1134 568 1195 corpus
592 1113 737 1177 efficitur.

172 1199 201 1262 4.
222 1198 276 1264 Sic
294 1201 405 1264 mnndi
424 1224 496 1283 pars
516 1205 564 1265 est
583 1207 636 1265 aer
649 1206 682 1266 ct
700 1202 829 1284 quidem
847 1202 1032 1266 necessaria.
1065 1201 1120 1265 hic
1140 1217 1153 1264 1

105 1293 154 1353 est
183 1291 281 1370 enim,
312 1291 367 1373 qui
392 1292 513 1354 caelum
537 1295 716 1374 terramque
741 1291 893 1371 conectit,
916 1292 972 1374 qui
996 1291 1060 1353 ima
1083 1311 1120 1353 ac

106 1400 230 1441 summa
262 1379 308 1442 sic
340 1383 477 1462 separat,
510 1383 546 1443 ut
578 1383 684 1444 tamen
717 1381 840 1465 iungat:
874 1383 1012 1463 separat,
1045 1379 1120 1462 quia

105 1467 229 1531 medius
253 1468 436 1551 intervenit3
459 1469 577 1553 iungit,
600 1470 676 1552 qnia
698 1471 825 1551 utrique
849 1468 1015 1553 perhanc
1038 1469 1121 1533 inter

64 1583 90 1622 ιε
106 1578 139 1619 se
173 1577 344 1620 consensus
377 1561 438 1621 est:
471 1579 567 1640 snpra
599 1581 632 1622 se
666 1558 731 1638 dat,
765 1553 918 1641 quicquid
949 1558 1072 1640 accepit
1102 1580 1120 1620 a

106 1646 208 1726 terris,
222 1668 331 1709 rursus
346 1647 411 1708 vim
427 1646 566 1710 siderum
581 1648 614 1709 in
629 1651 753 1710 terrena
766 1647 968 1711 transfundit.
992 1645 1120 1728 (hunc)
1139 1662 1154 1708 2

107 1734 198 1816 quasi
221 1738 344 1816 partem
367 1735 478 1798 mundi
497 1756 576 1799 voco
601 1739 637 1798 nt
660 1737 810 1799 animalia
828 1741 860 1800 et
880 1736 1021 1799 arbusta:
1045 1757 1119 1797 nam

107 1844 207 1906 genus
227 1824 412 1886 animalium
432 1824 698 1906 arbustorumque
717 1847 790 1908 pars
809 1825 949 1888 universi
968 1827 1025 1905 cst,
1045 1824 1120 1907 quia

106 1913 139 1974 in
162 1914 467 1977 consummationem
491 1914 589 1977 totius
614 1917 821 1996 assumptum,
844 1916 877 1977 ct
895 1914 971 1996 qnia
988 1916 1121 1976 nonest

65 2028 91 2067 n
106 2002 174 2064 sine
197 2000 259 2064 hoo
282 2002 479 2085 universum3
501 2024 600 2066 unum
625 2006 730 2067 autem
754 2003 872 2066 animal
895 2006 927 2066 et
945 2024 1009 2066 una
1027 2001 1121 2064 arbor

106 2090 199 2171 quasi
228 2112 301 2173 pars
331 2094 392 2172 est,
423 2091 498 2174 quia
528 2092 672 2174 quamvis
700 2092 839 2175 perierit,
869 2095 975 2154 tamen
1005 2090 1051 2171 id,
1081 2113 1121 2154 ex

106 2200 170 2261 quo
195 2181 287 2260 perit,
311 2183 414 2242 totum
438 2184 493 2244 est.
531 2185 584 2243 adr
607 2184 722 2261 autem,
745 2184 781 2243 ut
805 2180 958 2260 dicebam,
981 2183 1013 2243 et
1032 2180 1119 2243 caelo

106 2271 138 2331 et
168 2269 260 2330 terris
292 2267 451 2332 cohaeret:
482 2270 609 2352 utrique
640 2270 768 2333 innatus
796 2273 857 2352 est3
886 2267 984 2332 habet
1014 2272 1120 2332 autem

106 2355 261 2421 unitatem
293 2358 446 2441 quicquid
476 2359 610 2422 alicuius
638 2358 684 2422 rei
711 2359 819 2421 nativa
846 2380 919 2441 pars
947 2361 1007 2421 est:
1038 2355 1121 2420 nihil

65 2471 91 2512 aa
106 2445 192 2509 enim
216 2446 357 2510 nascitur
380 2448 447 2510 sine
474 2448 603 2513 unitate.

174 2533 202 2597 5.
218 2533 315 2598 Terra
328 2539 361 2598 et
374 2558 447 2617 pars
462 2539 511 2600 est
528 2536 640 2600 mnndi
660 2539 691 2601 et
709 2536 848 2599 materia.
869 2557 942 2618 pars
957 2556 1054 2617 quare
1069 2536 1119 2615 sit,
1140 2550 1153 2597 1

179 2678 194 2725 8
220 2676 314 2741 partes
340 2675 400 2728 eins
426 2676 502 2746 sunt]
529 2678 594 2728 sunt
619 2678 713 2743 partes
732 2678 757 2729 Δ
786 2676 793 2742 11
822 2680 838 2727 6
865 2674 918 2744 est]
945 2673 1020 2728 enim
1038 2677 1089 2726 ΔΡ
1114 2675 1117 2741 1

106 2743 216 2815 oculus]
232 2750 296 2812 post
312 2746 435 2800 neruid
466 2748 469 2814 1
499 2763 581 2800 sucus
600 2750 691 2818 ΔΗΤ]
711 2762 809 2800 succus
841 2747 850 2813 11
882 2745 984 2814 aquia
1006 2760 1072 2814 pars
1091 2746 1120 2798 ct

108 2815 169 2885 Ge]
198 2816 294 2884 quiet
314 2819 346 2870 Φ
374 2819 402 2870 et
420 2822 489 2870 Bc?
506 2818 587 2890 aalys
605 2818 690 2885 quia
720 2820 723 2885 1
752 2818 860 2887 praep]
886 2820 970 2886 parat
988 2819 1038 2868 ΔΡ
1055 2817 1118 2882 fort.

106 2889 220 2954 reparat
231 2887 278 2940 Ge.
293 2889 302 2956 11
316 2887 441 2943 evitalia
455 2894 544 2957 tempt.
557 2889 617 2960 Ga]
632 2888 662 2941 id
677 2891 716 2959 (et
725 2891 760 2958 Δ)
775 2888 839 2942 alia.
855 2888 931 2941 idem
945 2903 968 2940 a.
981 2888 1098 2942 Larisoh
1114 2890 1118 2955 1

106 2958 137 3009 in
155 2974 269 3012 numero
288 2959 324 3029 Δ]
353 2976 467 3014 numero
486 2962 555 3013 m
580 2978 631 3016 ora.
650 2963 678 3014 θ
710 2963 718 3029 11
750 2965 778 3011 11
797 2961 906 3013 aerest
924 2960 1027 3013 coltd
1058 2961 1062 3028 1
1092 2960 1121 3011 et

106 3028 221 3095 quidem
240 3046 298 3083 nec.
318 3031 374 3102 Aa]
403 3031 534 3100 equidem
552 3048 610 3085 nec.
632 3034 664 3085 Φ
690 3031 848 3086 necessaria
867 3030 982 3097 quidem
999 3034 1043 3082 Bc
1071 3029 1120 3098 qui

107 3100 199 3153 eidem
226 3102 345 3155 materia
364 3102 500 3157 Schultess
505 3144 513 3170 ,
541 3105 587 3158 sect
613 3105 648 3170 cf.
669 3103 686 3157 l.
701 3107 737 3156 17
769 3104 778 3171 11
809 3107 841 3155 la
864 3101 986 3155 conectit
1008 3101 1118 3171 Bnoz]

106 3188 186 3224 conn.
218 3173 227 3240 11
259 3176 289 3224 18
308 3174 415 3245 tamen]
443 3189 493 3227 om.
512 3177 565 3228 Μ
592 3174 695 3227 indez
727 3175 736 3243 11
768 3178 799 3226 14
821 3172 896 3225 hunc
915 3172 1009 3242 Kroll]
1038 3172 1092 3225 hoc
1111 3174 1120 3240 11

106 3248 138 3295 16
157 3243 231 3297 hunc
249 3244 313 3298 add.
330 3244 377 3299 Ge.
396 3262 432 3300 sc.
451 3246 582 3312 mobilem,
600 3248 635 3313 cf.
651 3250 707 3311 6,1
733 3247 742 3314 11
767 3250 797 3297 1'1
817 3243 898 3312 quasi
919 3246 951 3297 Φ
978 3259 1061 3310 quem
1080 3242 1120 3296 sio

108 3317 131 3366 Δ
159 3316 168 3382 11
195 3320 226 3367 19
253 3330 325 3368 cons.
350 3318 370 3369 t.
397 3317 463 3387 aaa]
490 3317 728 3370 consummatione
753 3315 878 3368 uniuersi
903 3317 1049 3382 acceptum
1068 3317 1092 3366 Δ
1112 3315 1120 3382 11

107 3391 142 3438 20
162 3386 259 3456 unum]
278 3387 296 3439 i.
316 3404 336 3440 e.
355 3388 504 3458 simulare,
523 3395 620 3444 eontra
636 3392 692 3454 2,4
710 3390 719 3457 11
738 3392 769 3441 21
787 3386 867 3457 quia]
886 3403 937 3440 om.
957 3403 977 3456 ρ
998 3387 1001 3451 1
1023 3400 1120 3452 quam-

107 3456 211 3580 ius
225 3456 983 3602 riantur-a''urcuncuu

505 3575 509 3584 ·
815 3571 821 3581 =
970 3561 990 3589 δ
