2408 3832
341 158 477 213 NATUR.
498 158 647 226 QUAEST.
666 159 733 214 LIB.
751 159 772 214 1.
793 165 905 214 11-13.
1090 159 1130 224 31

122 306 261 370 ostendit
283 309 316 370 et
338 305 502 390 intercipit
523 307 638 389 luoem,
661 309 738 370 tuno
762 304 884 370 soilioet
907 327 980 370 oum
999 309 1133 389 uterque

121 395 206 459 orbis
245 395 304 459 sub
340 395 452 459 eodem
488 395 679 459 libramento
712 393 809 459 stetit.
864 395 1168 479 quemadmoduma

119 505 196 569 ergo
226 485 392 567 utriusque
422 483 529 569 imago
559 484 594 547 in
623 483 715 548 terris
745 483 845 566 aspici
875 487 995 568 potest,
1024 483 1070 548 ita
1098 484 1133 548 in

119 578 205 656 aare,
237 594 310 637 oum
341 573 388 638 sio
418 577 547 637 ooaotus
577 577 631 636 abr
659 577 692 636 et
720 572 874 656 limpidus
907 572 1065 656 constitit,
1096 577 1133 637 ut
1174 580 1177 585 '

90 663 235 727 efaoiem
258 662 335 726 solis
359 662 522 745 acciperet.
570 683 666 744 quam
689 665 722 725 et
745 662 824 726 aliae
847 663 948 726 nubes
971 662 1134 747 accipiunt

119 751 175 815 sed
206 751 440 834 transmittunt,
471 750 498 815 si
528 754 583 815 aut
612 751 746 814 mobiles
778 754 852 814 sunt
882 754 937 815 aut
965 773 1054 815 rarae
1078 755 1133 815 aut

120 840 279 905 sordidae:
302 839 437 904 mobiles
461 839 546 904 enim
571 844 726 924 spargsmt
744 839 842 921 illam,
864 862 953 904 rarae
972 840 1133 922 emittunt,

120 929 265 994 sordidae
288 933 461 1012 turpesque
483 950 549 992 non
572 929 722 1011 sentiunt,
752 928 835 992 siout
865 929 950 1013 apud
971 950 1031 993 nos
1055 929 1132 993 ima-

120 1020 229 1105 ginem
252 1019 414 1084 maculosa
436 1039 502 1082 non
524 1018 667 1081 reddunt.

77 1133 104 1172 1o
189 1107 237 1171 13.
272 1104 383 1171 Solent
415 1111 447 1170 et
478 1107 555 1170 bina
585 1107 656 1170 fieri
687 1106 831 1191 parhelia
861 1107 970 1172 eadem
999 1108 1166 1172 rationa1

120 1196 198 1281 quid
232 1195 317 1260 enim
352 1196 499 1279 impedit,
529 1196 700 1279 quominus
735 1199 784 1260 tot
816 1196 894 1279 sint,
924 1200 1003 1280 quot
1031 1197 1132 1261 nubes

119 1286 239 1349 fiierint
269 1289 361 1368 aptae
384 1285 424 1348 ad
450 1283 660 1349 exhibendam
689 1284 766 1348 solis
794 1285 957 1371 effigiem?
1003 1286 1132 1369 quidam

120 1375 154 1437 in
186 1375 242 1438 illa
274 1377 430 1439 sententia
462 1378 549 1455 sunt,
581 1374 729 1456 quotiens
763 1374 825 1438 duo
858 1375 1029 1440 simulacra
1056 1375 1134 1439 talia

120 1463 274 1545 existunt,
304 1467 340 1526 ut
370 1463 511 1526 iudicent
540 1463 574 1526 in
603 1462 668 1527 illis
691 1464 823 1527 alteram
852 1463 928 1528 solis
959 1463 1132 1550 imaginem

77 1577 103 1618 ie
120 1574 188 1617 esse
218 1553 350 1616 alteram
380 1551 537 1636 imaginis.
589 1572 664 1615 nam
695 1552 780 1635 apud
811 1574 870 1616 nos
902 1575 1029 1636 quoque
1060 1576 1133 1618 oum

119 1643 214 1725 plura
237 1642 367 1724 speoula
390 1640 546 1724 disposita
569 1644 644 1704 sunt
666 1640 720 1723 ita,
742 1645 780 1704 ut
802 1642 894 1705 alteri
918 1642 960 1706 sit
983 1664 1133 1725 eonspec-

118 1736 171 1794 tus
196 1730 340 1812 alterius,
370 1731 478 1793 omnia
500 1729 684 1813 implentur,
708 1733 740 1793 et
762 1751 826 1793 una
848 1731 955 1816 imago
979 1753 1053 1795 vera
1076 1735 1133 1813 est,

120 1824 241 1885 oeterae
263 1818 440 1904 imaginum
464 1818 587 1904 effigies
611 1822 699 1903 sunt3
721 1818 804 1882 nihil
827 1820 912 1883 enim
929 1820 1036 1903 refert,
1054 1820 1132 1904 quid

120 1909 162 1972 sit
194 1908 279 1991 quod
312 1909 441 1991 speoulo
475 1908 672 1972 ostendatur:
706 1907 859 1990 quioquid
888 1909 988 1991 videt,
1019 1910 1130 1973 reddit.

76 2023 104 2062 ao
118 1999 164 2062 ita
186 1997 252 2060 illio
275 2018 404 2080 quoque
427 1998 461 2060 in
484 1996 626 2079 sublimi,
650 1997 678 2060 si
700 1997 789 2080 (sio)
811 1998 912 2061 nubes
934 1999 1001 2062 fors
1025 1999 1133 2081 aliqua

120 2085 291 2170 disposuit,
320 2090 357 2149 ut
386 2086 469 2149 inter
498 2108 532 2150 se
563 2085 774 2169 conspiciant,
804 2087 904 2150 altera
929 2086 1030 2152 nubes
1055 2088 1131 2151 solis

118 2176 292 2261 imaginem
323 2176 422 2239 altera
452 2174 601 2260 imaginis
631 2174 742 2239 reddit.
790 2175 906 2239 debent
935 2180 1042 2240 autem
1071 2175 1167 2239 haee

118 2265 229 2346 nubes,
248 2286 329 2348 quae
351 2263 414 2328 hoo
432 2267 603 2347 praestant,
623 2264 737 2328 densae
756 2285 824 2328 esse
842 2265 928 2328 leves
947 2266 1132 2348 splendidae

119 2355 243 2437 planae,
260 2356 392 2416 naturae
410 2352 433 2436 †
452 2352 537 2417 solis.
576 2353 616 2417 ob
639 2352 703 2417 hoo
725 2353 833 2417 omnia
856 2353 1012 2417 eiusmodi
1036 2355 1131 2418 simu-

78 2470 104 2511 ae
119 2445 206 2508 laora
230 2441 363 2506 eandida
387 2444 474 2525 sunt,
501 2445 534 2506 et
556 2442 675 2506 similia
697 2442 862 2506 lunaribus
887 2442 1029 2524 oiroulis,
1056 2443 1132 2526 quia

119 2554 159 2596 ex
182 2552 336 2615 percussu
359 2531 488 2614 oblique
512 2534 644 2615 accepto
668 2531 735 2594 sole
758 2531 973 2615 resplendent:
1005 2553 1080 2595 nam
1104 2532 1131 2595 si

191 2742 305 2812 tergo]
324 2741 412 2810 igitur
430 2744 451 2795 λ
469 2741 499 2794 in
518 2757 581 2795 aere
600 2743 708 2796 eodm
737 2744 740 2811 Ι
768 2742 849 2812 int]
869 2743 924 2795 at.
944 2745 968 2794 Δ
1002 2744 1010 2811 ΙΙ
1042 2742 1128 2812 laio]

118 2813 156 2867 sit
174 2816 199 2866 Δ
232 2815 241 2882 u
273 2818 303 2865 10
322 2811 401 2883 bina]
424 2811 455 2865 in
472 2812 582 2866 lunaA
616 2815 624 2882 Η
655 2819 687 2866 12
705 2812 810 2867 fuerint
828 2814 863 2884 d]
886 2812 1001 2866 filerunt
1030 2816 1033 2882 Ι
1064 2813 1131 2868 solis

119 2883 255 2966 effigiem]
274 2883 426 2952 imaginem
440 2887 464 2936 Δ
484 2886 492 2953 p
510 2889 541 2936 14
560 2884 696 2956 existunt]
716 2884 876 2938 anaunia
899 2886 902 2953 l
922 2884 953 2937 in
968 2872 1149 2939 -1sima-'

118 2956 205 3026 gims]
224 2973 313 3008 unum
331 2971 391 3009 esse
410 2954 486 3021 solis,
506 2955 626 3009 alterum
644 2955 820 3026 imaginisA
846 2958 849 3023 Ι
879 2960 909 3008 17
929 2957 1008 3027 uera]
1029 2973 1131 3010 auero

120 3030 152 3081 Φ
170 3042 237 3079 uere
256 3033 275 3078 2
293 3029 302 3096 fl
324 3032 355 3079 19
374 3025 521 3098 quioquid]
540 3027 615 3080 enim
634 3027 698 3082 aad.
712 3030 737 3080 Δ
756 3029 765 3096 ΙΙ
783 3032 819 3079 20
839 3026 845 3038 ’
872 3026 1007 3100 222190]
1026 3027 1083 3080 illis
1099 3031 1132 3082 Φ

118 3098 191 3151 illud
209 3100 259 3150 Ar
289 3101 293 3167 l
322 3097 362 3150 sio
386 3099 488 3152 addz
518 3102 521 3168 Ι
550 3098 619 3168 fors]
644 3115 702 3152 sors
721 3100 793 3152 EM
820 3100 829 3167 ΙΙ
856 3103 887 3150 21
911 3114 941 3151 se
967 3100 1073 3170 consp]
1101 3113 1130 3151 se

118 3175 189 3239 (sese
209 3171 241 3237 δ)
267 3169 407 3238 aspiciant
424 3171 449 3222 A
478 3185 508 3223 se
532 3169 607 3223 inter
625 3185 655 3222 se
677 3186 770 3237 consp.
790 3176 809 3221 2
835 3171 838 3237 Ι
865 3168 964 3240 nubes]
984 3169 1060 3223 nabe
1078 3172 1102 3222 A
1122 3172 1131 3239 ΙΙ

118 3247 154 3294 22
168 3239 313 3311 imaginis]
328 3256 389 3293 -nes
404 3242 506 3294 Am
522 3244 525 3310 l
545 3240 650 3311 reddit]
665 3240 746 3294 reddi
760 3244 784 3293 A
804 3241 812 3308 ΙΙ
831 3245 866 3293 24
879 3240 981 3309 planae
994 3242 1031 3311 Η]
1046 3240 1131 3310 plane

119 3313 247 3383 Δ(θ)ρ2
275 3327 329 3379 que
347 3311 430 3380 plene
448 3314 496 3365 Ἑλ
521 3315 524 3382 Ι
549 3314 667 3366 naturae
686 3311 765 3382 solis]
785 3313 897 3365 satanae
917 3310 983 3365 solis
1004 3313 1131 3382 Madvig,

118 3385 237 3436 naturae
252 3381 358 3436 solidae
368 3383 493 3449 Larisob,
507 3386 625 3438 naturae
639 3382 707 3436 solis
721 3382 827 3436 similes
837 3382 894 3436 Leo
907 3383 975 3438 conl.
984 3401 1014 3452 p.
1025 3385 1129 3451 30,12l

119 3453 268 3524 eiusmodi]
294 3469 366 3521 quae
390 3453 551 3507 huiusmodi
576 3456 642 3508 sunt
659 3456 684 3507 A
717 3456 725 3523 ΙΙ
757 3459 790 3507 25
815 3453 929 3523 similia]
958 3453 1099 3507 simulari
1123 3455 1135 3520 [l

119 3530 154 3577 26
172 3525 259 3595 pere]
278 3540 441 3593 repercussu
459 3527 542 3581 Kroll
569 3527 574 3596 1
601 3525 673 3598 sole]
686 3525 756 3580 solis
767 3529 814 3578 BQ.
