2408 3832
122 166 163 230 10
434 166 464 218 L.
483 164 625 219 ANNAEI
643 164 807 220 SENECAE

66 331 99 382 15
119 312 146 377 si
174 315 227 375 aer
255 312 294 375 ad
322 310 544 395 exprimendos
573 311 663 397 ignes
691 314 784 396 aptus
812 310 886 375 fuit:
915 331 990 374 nam
1014 332 1124 376 sereno

118 421 246 483 quoque
278 399 449 483 aliquando
483 401 570 464 eaelo
602 403 694 464 tonat
725 422 764 464 ex
796 400 906 464 eadem
937 421 1032 464 causa
1062 423 1125 484 qua

116 489 243 571 nubilo,
273 493 343 553 a‘e're
367 491 450 554 inter
473 510 505 553 se
529 487 654 571 colliso,
678 489 746 571 qui,
770 488 895 553 etiamsi
918 492 966 552 est
988 487 1126 553 lucidior

117 599 154 641 ac
178 578 304 660 siccior,
333 577 417 642 coire
440 582 547 642 tamen
570 581 602 641 et
623 577 726 642 facere
751 599 884 661 corpora
907 578 1061 661 quaedam
1085 578 1125 642 si-

116 666 205 730 milia
234 666 373 731 nubibus
403 670 522 750 potest,
553 688 633 750 quae
662 688 812 750 percussa
838 665 972 730 reddant
999 688 1125 731 sonum.
1152 693 1163 734 a

117 756 243 839 quando
272 777 347 840 ergo
376 756 458 819 fiunt
484 756 604 837 trabes,
631 756 758 838 'quando
788 756 883 839 clipei
907 759 939 819 et
960 759 1124 820 vastorum

116 844 272 930 imagines
300 843 446 928 ignium?
477 844 533 908 ubi
561 844 594 908 in
621 845 718 908 talem
745 844 911 908 materiam
940 843 1053 909 similis
1078 844 1125 909 in-

116 933 194 997 cidit
217 955 311 996 causa
334 934 389 997 sed
411 933 521 997 maior.

82 1041 96 1090 1
183 1022 212 1085 2.
245 1021 418 1086 Videamus
446 1042 545 1104 nunc,
573 1021 840 1105 quemadmodum
868 1022 924 1085 fiat
952 1021 979 1085 is
1006 1021 1124 1106 fulgor,

116 1111 172 1192 qui
195 1110 298 1174 sidera
321 1111 537 1176 circumvenit.
583 1110 754 1174 memoriae
781 1110 944 1194 proditum
968 1114 1030 1192 est,
1058 1131 1122 1193 quo
1139 1137 1163 1178 ιο

116 1198 167 1262 die
189 1199 301 1263 urbem
324 1199 415 1264 divus
436 1197 602 1284 Augustus
620 1197 794 1282 Apollonia
816 1221 959 1263 reversus
982 1199 1123 1282 intravit,

116 1288 199 1351 circa
227 1289 326 1353 solem
354 1289 458 1353 visum
486 1287 601 1352 coloris
628 1287 709 1351 varii
732 1287 900 1371 circulum,
928 1287 1030 1369 qualis
1055 1310 1123 1353 esse

115 1377 149 1439 in
177 1398 250 1441 arcu
279 1378 368 1441 solet.
412 1377 499 1441 hunc
529 1375 639 1441 Graeci
668 1377 743 1440 halo
773 1381 903 1459 vocant,
932 1399 990 1441 nos
1019 1377 1122 1442 dicere

115 1486 265 1529 coronam
281 1466 445 1550 aptissime
459 1487 638 1551 possumus.
676 1487 755 1549 quae
771 1465 1038 1547 quemadmodum
1052 1466 1122 1530 fieri

79 1554 252 1639 edicatur,
276 1576 441 1638 exponam.
488 1577 560 1620 oum
584 1556 618 1618 in
641 1555 796 1639 piscinam
819 1554 901 1638 lapis
925 1554 1041 1619 missus
1065 1559 1123 1637 est,
1137 1581 1162 1621 15

114 1642 259 1708 videmus
283 1645 318 1707 in
340 1645 459 1707 multos
483 1643 574 1708 orbes
598 1665 714 1725 aquam
738 1642 896 1708 discedere
920 1647 952 1707 et
970 1642 1039 1707 fieri
1058 1645 1121 1727 pri-

115 1755 204 1796 mum
223 1733 484 1818 angustissimum
504 1733 623 1814 orbem,
646 1732 759 1796 deinde
779 1731 933 1796 laxiorem
952 1753 989 1796 ac
1008 1731 1121 1797 deinde

115 1821 194 1886 alios
218 1823 363 1904 maiores,
386 1822 487 1885 donec
509 1825 676 1886 evanescat
693 1821 832 1905 impetus
852 1823 884 1884 et
902 1820 936 1884 in
955 1821 1121 1904 planitiem

114 1910 319 1974 immotarum
342 1931 496 1993 aquarum
515 1911 668 1994 solvatur3
691 1910 755 1973 tale
774 1908 923 1992 quiddam
943 1909 1120 1994 cogitemus

113 1999 183 2063 fieri
213 2000 308 2062 etiam
338 2000 372 2062 in
402 2004 486 2063 altre:
516 2019 589 2062 cum
620 1999 752 2082 spissior
781 1998 884 2063 factus
913 2001 974 2080 est,
1004 2000 1160 2063 sentirem

113 2088 243 2173 plagam
265 2091 385 2172 potest3
414 2088 471 2151 lux
499 2087 575 2151 solis
604 2091 660 2151 aut
687 2088 781 2151 lunae
808 2087 860 2150 vel
887 2085 1058 2152 cuiuslibet
1082 2088 1121 2151 si·

113 2177 197 2241 deris
220 2177 383 2241 incurrens
406 2176 550 2241 recedere
573 2175 666 2239 illum
688 2177 722 2238 in
746 2176 882 2240 circulos
907 2176 1002 2260 cogit.
1046 2198 1120 2239 nam

113 2287 206 2329 umor
229 2269 261 2330 et
288 2271 342 2329 air
364 2269 396 2329 et
424 2286 530 2346 omne,
560 2264 646 2347 quod
673 2286 713 2328 ex
740 2264 807 2329 ictu
834 2264 971 2328 formam
995 2265 1121 2348 accipit,

113 2355 147 2419 in
170 2354 266 2419 talem
289 2354 436 2418 habitum
459 2352 643 2438 impellitur,
667 2354 770 2436 qualis
792 2357 840 2417 est
858 2353 935 2435 eius,
959 2353 1044 2437 quod
1063 2355 1121 2417 im·

113 2443 219 2528 pellit3
247 2466 341 2508 omne
368 2445 474 2506 autem
497 2443 606 2506 lumen
628 2441 801 2505 rotundum
825 2446 885 2506 est:
913 2463 988 2527 ergo
1013 2445 1045 2505 et
1068 2446 1121 2506 atr
1134 2467 1159 2507 rs

184 2605 278 2652 11-14
292 2600 366 2654 Ptin.
377 2599 442 2653 HN
447 2603 475 2666 2,
485 2603 521 2653 98
540 2605 689 2653 cernuntur
704 2641 709 2651 .
726 2599 900 2666 plerumque
918 2605 943 2653 et
965 2598 1039 2653 circa
1056 2600 1121 2654 solu

112 2671 201 2725 orbem
219 2686 266 2724 ceu
283 2672 387 2740 spiceae
400 2686 514 2725 coronae
528 2675 552 2723 et
565 2670 734 2724 versicolores
747 2670 852 2736 circuti,
867 2670 984 2737 qualiter
995 2670 1120 2741 Augusto

115 2741 229 2796 Ouesare
251 2744 283 2794 iu
302 2743 396 2809 prima
418 2742 530 2795 iuuenta
551 2741 644 2794 urbem
661 2742 782 2794 intrante
796 2745 860 2808 post
877 2741 979 2794 obitum
992 2742 1092 2808 patria.
1112 2744 1120 2809 ll

112 2818 143 2864 12
158 2814 233 2866 Aac.
250 2813 303 2868 (lul.
318 2829 391 2866 maa.
407 2814 498 2880 (Mea.
516 2812 604 2866 Germ.
618 2813 708 2880 scapi.
725 2811 834 2879 XVII)
853 2814 979 2866 (11235.-
1002 2813 1051 2879 qui
1069 2813 1120 2866 oir-

112 2885 169 2938 culr'
187 2885 248 2938 licet
266 2901 284 2937 u
297 2884 401 2952 populo
417 2888 549 2952 patentur
564 2899 618 2937 asae
633 2883 799 2953 prodigium,
817 2888 908 2936 tamen
926 2898 1017 2937 eorum
1035 2900 1120 2938 causo

111 2955 147 3009 ab
165 2955 307 3010 Aristotele
325 2961 349 3008 et
367 2954 467 3009 Seneca
485 2956 517 3008 iu
534 2955 656 3008 meteoria
673 2961 712 3009 eat
729 2969 862 3022 expressa.

183 3102 200 3149 2
219 3095 284 3165 aliq.
305 3095 382 3150 caelo
396 3097 468 3168 ΔΦ]
488 3095 565 3149 caelo
584 3094 650 3163 aliq.
670 3097 678 3164 Η
697 3094 812 3167 dooire]
832 3095 872 3148 ire
888 3097 920 3149 Φ
937 3097 947 3178 i
964 3096 1107 3164 equando

111 3167 153 3221 bia
171 3183 226 3234 que
249 3168 349 3222 adda
376 3169 385 3236 ΙΙ
413 3166 548 3220 'Isimilis
584 3166 667 3219 simul
685 3166 806 3219 F¹L¹0P
833 3168 841 3235 ΙΙ
869 3172 900 3218 10
923 3167 1107 3221 orreumuenit

112 3238 347 3292 circumnectitrl
375 3241 384 3309 ll
411 3244 439 3290 11
457 3238 554 3291 urbem
592 3254 612 3291 a.
633 3238 692 3291 ῑ.Δ
722 3240 725 3306 Ι
753 3237 847 3308 Apol]
873 3237 965 3307 appol.
985 3243 1058 3290 101³
1086 3254 1119 3291 ex

111 3307 185 3377 apol.
200 3313 245 3363 Δε
258 3310 312 3392 {112
326 3309 377 3363 ool.
392 3311 463 3382 aar]
478 3325 536 3362 uar.
552 3308 603 3363 col.
619 3311 640 3362 λ
654 3311 662 3377 ll
676 3314 707 3362 16
722 3308 864 3363 discedere
879 3309 936 3380 dz]
952 3308 1118 3363 descendere

112 3382 167 3434 εΦ
212 3381 284 3451 fian]
303 3397 353 3435 om.
372 3383 396 3435 Δ
416 3387 479 3435 unte
498 3379 593 3434 orbem
611 3386 630 3432 ’1
652 3382 661 3448 ΙΙ
684 3385 713 3432 1⁸
734 3379 815 3451 alios]
835 3396 884 3434 orn.
904 3381 928 3433 Δ
953 3381 962 3448 n
987 3385 1018 3432 19
1037 3380 1118 3448 quid-

107 3452 174 3502 dam
203 3452 318 3518 quidem
332 3456 376 3504 Bc
390 3451 459 3522 quid
473 3468 489 3506 a
503 3454 511 3522 ΙΙ
529 3457 564 3504 20
579 3451 676 3522 etiam]
691 3458 754 3506 cute
767 3450 828 3503 fieri
841 3456 861 3501 P
875 3457 955 3505 oms!
971 3450 975 3521 l
992 3451 1118 3521 spissior]

88 3517 204 3581 Pissior
218 3524 283 3592 λθ)
307 3523 318 3594 s
340 3522 462 3594 plagam
481 3523 584 3578 sentire
608 3523 666 3578 roll.
681 3525 731 3576 M
758 3524 767 3590 ΙΙ
794 3527 825 3574 21
843 3520 901 3592 uel]
921 3524 971 3575 aut
989 3523 1063 3574 ΔῈλ
