2408 3832
128 159 167 216 v1
536 160 742 218 PRAEFATIO

128 318 219 376 misso
237 314 351 390 priores
371 333 489 391 quoque
509 307 653 390 epistulas
672 314 799 375 morales
818 313 936 376 Lucilio
955 334 1010 377 suo
1028 319 1151 378 mittere

129 405 235 482 coepit.
281 403 437 480 aliquanto
464 406 533 478 post
560 403 662 462 Nonas
690 403 867 464 Februarias
896 407 968 463 anni
995 410 1148 483 sequentis

128 495 164 555 de
191 497 290 555 terrae
318 495 402 553 motu
430 492 493 570 egit
522 483 686 573 (V11,2;
714 493 751 552 cf.
778 485 897 575 1,10).
943 497 1058 556 aestate
1084 497 1148 556 fere

127 583 216 643 huius
231 583 303 642 anni
317 575 385 664 (63.
399 603 428 659 p.
444 579 511 640 Ghr.
525 572 579 661 6.),
593 601 630 640 66
644 580 765 641 biennio
785 582 905 659 quidem
923 587 993 643 anto
1011 588 1149 662 mortem,

128 676 227 733 totum
250 691 326 749 opus
345 672 466 731 videtur
483 670 642 746 perfecisse
663 661 973 754 (8611311666).
1006 675 1149 734 nimirum

127 763 287 821 velocitate
317 779 347 820 66
379 762 577 837 pausaturum
606 778 734 835 moram,
765 761 874 820 damna
906 764 1015 823 aetatis
1045 762 1148 823 labore

128 853 280 912 sarturum
303 868 366 910 6666
389 868 478 909 senex
500 847 659 924 profitetur
682 840 742 930 (111
764 851 858 926 praef.
876 842 986 932 1—4).

138 976 141 980 ·
194 939 300 999 Libros
324 941 391 998 octo
413 938 531 997 Lucilio
553 936 670 997 Iuniori
692 939 784 1014 misit,
808 941 861 1017 qui
883 943 950 999 tum
971 946 1150 1017 procurator

129 1029 249 1090 Siciliae
273 1032 338 1088 erat
361 1020 420 1108 (IV
437 1027 531 1104 praef.
548 1019 591 1108 1),
615 1027 658 1086 sic
680 1028 741 1086 fere
764 1029 937 1105 inscriptos:

197 1121 223 1177 1.
248 1118 284 1175 de
303 1118 389 1194 aquis
409 1109 627 1198 (terrestribus)
642 1117 772 1175 =1.111
792 1119 843 1193 661
862 1118 954 1196 vulgo
972 1122 1149 1179 numeratur

196 1210 224 1266 2.
248 1207 284 1266 16
307 1207 379 1266 11116
403 1205 553 1264 =1.1Va

130 1331 133 1337 ·
181 1299 223 1356 -3.
248 1296 285 1355 16
307 1295 436 1355 nubibus
461 1293 611 1355 =LIVb

194 1387 223 1444 4.
247 1385 284 1444 16
306 1384 483 1444 fulminibus
507 1387 538 1443 et
560 1383 722 1444 tonitribus
746 1385 860 1443 =1.11

194 1475 223 1533 5.
247 1474 283 1534 de
306 1474 405 1534 ventis
428 1472 539 1531 =l.V

195 1566 223 1624 6.
248 1564 283 1621 16
306 1565 403 1622 terrae
425 1565 511 1622 motu
533 1561 660 1621 =1.V1

196 1655 224 1712 7.
248 1653 284 1713 de
308 1653 432 1712 cometis
456 1677 490 1698 =
504 1651 524 1709 1.
540 1651 600 1710 VH

195 1743 224 1802 8.
248 1743 284 1800 de
307 1742 426 1819 ignibus
450 1741 628 1800 caelestibus
651 1769 685 1788 =
699 1742 719 1800 l.
733 1742 756 1801 1.

194 1829 270 1891 0616
288 1834 368 1890 enim
386 1832 459 1890 olim
477 1831 569 1890 fuisse
587 1830 689 1906 libros,
707 1851 768 1890 uon
790 1835 914 1909 septem,
932 1850 1010 1891 nunc
1029 1836 1147 1892 constat

127 1913 226 2002 (Stud.
241 1920 258 1979 I
273 1912 338 2002 93).
366 1921 422 1979 boo
440 1921 554 1996 primus
574 1917 607 1978 G.
622 1920 658 1979 D.
673 1919 782 1980 Koeler
802 1914 847 2003 (iu
866 1921 996 1981 editione
1016 1941 1042 1980 a.
1059 1922 1145 1982 1819

126 2011 207 2070 61116
229 2030 258 2086 p.
275 2002 354 2091 257)
374 2010 508 2083 coniecit,
532 2010 674 2084 quoniam
693 2013 871 2088 argumente
888 2029 1010 2086 prorsus
1028 2011 1147 2070 diversa

126 2099 203 2160 libro
217 2099 262 2158 IV
279 2101 377 2159 inesse
395 2099 554 2176 perspexit.
592 2097 698 2157 161616
717 2098 886 2160 Fridericus
904 2099 1005 2160 Haase
1027 2100 1060 2158 in
1084 2100 1145 2159 611·

124 2189 206 2249 tione
239 2208 265 2248 a.
291 2189 375 2249 1851
410 2190 441 2247 et
472 2187 503 2246 iu
531 2185 633 2246 Indice
664 2179 825 2247 lectionum
853 2188 977 2248 Vratisl.
1007 2207 1033 2248 a.
1059 2191 1145 2250 1859

126 2278 241 2338 emissis
265 2278 339 2337 duos
362 2276 454 2337 libros
477 2276 509 2334 in
527 2296 621 2335 unum
638 2275 683 2334 IV
701 2277 844 2338 conflatos
862 2278 941 2337 male
960 2280 1147 2338 circumferri

126 2387 141 2426 6
165 2367 265 2427 codice
283 2366 421 2426 Leidensi
441 2358 494 2448 (Ιι)
514 2368 544 2424 61
564 2365 720 2425 Vincentio
740 2367 946 2428 Bellovacensi
965 2370 1146 2428 monstravit

126 2459 216 2533 atque
240 2456 280 2516 ad
302 2456 542 2516 dissertationem
565 2455 716 2531 quandam
739 2456 774 2514 16
793 2455 922 2515 nubibus
946 2459 1145 2533 conscriptam

125 2564 205 2605 nunc
232 2545 321 2605 initio
350 2545 421 2604 iibri
448 2543 515 2603 IVb
543 2544 729 2620 deperditam
760 2545 936 2622 scriptorem
957 2545 1002 2604 IV
1022 2548 1051 2621 3,
1072 2547 1090 2605 6
1115 2549 1146 2605 61

127 2637 178 2710 13,
202 2637 219 2693 2
252 2636 351 2712 ipsum
382 2635 527 2710 respicere
560 2633 738 2693 observarit.
788 2635 835 2693 his
866 2637 1050 2712 argumentis
1084 2636 1145 2695 alia

125 2727 195 2784 ante
218 2724 272 2783 hos
296 2723 406 2802 viginti
429 2742 523 2784 anuos
545 2721 734 2782 Hermaunus
758 2722 841 2783 Diels
866 2724 990 2800 addidit,
1014 2725 1067 2800 qui
1089 2727 1144 2783 im-

124 2813 230 2889 primis
253 2814 365 2890 placita
389 2814 425 2872 16
443 2813 524 2888 11116,
549 2829 625 2888 6666
650 2831 668 2871 a
688 2812 852 2872 Laurentio
871 2812 956 2890 Lydo
974 2813 1146 2888 traduntur,

124 2905 170 2961 ita
197 2906 336 2980 excerpta
360 2921 423 2963 6666
446 2901 535 2979 vidit,
564 2906 599 2960 ut
625 2903 728 2977 priora
751 2920 818 2961 oum
841 2902 1013 2961 Annaeanis
1036 2903 1143 2962 11762

124 2991 245 3051 traditis
273 2992 362 3068 plane
391 2991 573 3067 conspirent,
601 3009 678 3066 6666
707 3010 724 3049 6
749 2990 835 3067 Lydo
863 2991 1022 3066 adduntur,
1049 3011 1084 3050 66
1112 2993 1144 3050 16

124 3079 320 3140 Natruslibus
353 3079 584 3150 Quaestionibus
617 3099 685 3140 cum
717 3100 795 3139 nunc
827 3081 925 3139 desint
955 3085 1025 3157 post
1057 3079 1076 3156 ἓ
1102 3083 1144 3141 30

124 3170 198 3229 olim
219 3171 312 3229 fuisso
337 3172 452 3246 pateat:
481 3189 516 3229 ox
540 3169 643 3229 eodem
665 3169 760 3247 igitur
787 3169 838 3229 sed
865 3170 1027 3246 integriore
1056 3189 1144 3246 opere

124 3258 197 3318 haec
220 3278 338 3335 quoque
361 3263 481 3335 sumpta
504 3277 566 3319 esse
590 3261 723 3335 apparet.
761 3258 809 3317 vel
832 3258 932 3335 plures
956 3259 1028 3319 olim
1053 3278 1144 3336 quam

124 3350 191 3408 octo
219 3348 311 3409 fuisse
339 3347 457 3408 libellos
481 3348 544 3409 veri
571 3351 616 3408 est
643 3347 802 3422 dissimile,
827 3352 905 3408 certe
934 3348 1056 3423 probari
1083 3369 1143 3408 nou

116 3439 232 3508 potest.

171 3523 225 3578 De
243 3525 352 3584 ordine
374 3528 523 3590 librorum
543 3526 664 3586 turbato
683 3527 771 3586 multi
789 3527 1001 3603 quaesiverunt
1015 3519 1114 3609 (Stud.
1130 3527 1145 3584 1
