2408 3832
102 155 147 220 64
409 154 453 226 {a
472 153 614 207 anunm
632 113 795 207 sunnone

101 324 175 365 rum
193 301 241 364 vis
264 300 465 364 flammarum
485 321 524 362 ex
546 299 611 363 imo
634 301 822 364 subeuntem
841 299 907 362 vim
925 320 992 377 non
1010 301 1123 383 potuit

103 390 297 472 opprimere,
326 392 445 472 quanto
473 390 581 452 minus
604 388 763 452 includere
786 389 905 472 poterit
929 389 1038 473 ignem
1062 412 1122 454 nu·

102 478 191 541 bium
221 478 325 541 tenuis
356 500 449 541 umor
478 481 510 541 et
544 477 709 541 roscidus?
760 478 837 541 adeo
870 499 922 565 res?
954 477 1017 542 ista
1053 500 1122 543 non

101 567 194 631 affert
217 569 316 630 ullam
340 589 462 631 moram
487 589 567 650 quae
592 570 703 631 eontra
726 587 823 631 causo
846 566 971 650 ignium
991 566 1044 647 fit.

170 707 175 718 .
192 706 196 717 .
215 707 220 718 .
237 678 316 739 quos
331 678 396 719 non
408 656 553 719 videmus
569 656 704 720 emicare
717 656 781 719 nisi
799 655 1003 738 impendente
1018 657 1119 721 oaelo.
1145 676 1157 718 1

101 767 247 809 serenum
272 746 339 809 sine
362 745 496 808 fulmine
520 748 581 808 est:
610 744 796 808 nonhabet
819 744 897 808 istos
920 747 1026 809 metus
1051 745 1120 811 dies

67 849 215 918 8purus,
245 857 284 897 ne
315 856 380 897 nox
410 834 538 916 quidem
568 833 632 897 nisi
662 835 798 897 obseura
827 833 973 897 nubibus.
1027 833 1120 916 ‘quid

101 924 201 1009 ergo?
225 945 290 986 non
309 922 479 1005 aliquando
495 922 591 986 etiam
611 923 836 1005 apparentibus
856 920 957 986 stellis
972 926 1004 985 et
1022 927 1120 989 nocte

102 1012 276 1095 tranquilla
305 1011 485 1096 fulguratl'
532 1011 587 1075 sed
611 1012 691 1075 seias
720 1012 797 1076 licet
824 1012 892 1075 illio
914 1011 1015 1075 nubes
1041 1034 1119 1095 esse,

102 1102 186 1164 unde
217 1101 367 1184 splendor
396 1101 534 1182 effertur,
566 1122 645 1182 quas
667 1100 770 1164 videri
793 1123 811 1163 a
834 1099 926 1164 nobis
957 1102 1118 1165 terrarum
1131 1123 1155 1163 n

67 1194 210 1254 etumor
238 1211 304 1252 non
335 1190 417 1253 sinit.
465 1190 553 1253 adice
583 1210 681 1271 nuno,
714 1189 801 1271 quod
830 1190 900 1253 fieri
929 1193 1052 1272 potest,
1081 1195 1119 1254 ut

101 1279 202 1342 nubes
224 1280 410 1342 summissae
428 1282 460 1341 et
477 1278 614 1342 humiles
635 1279 746 1341 attritu
766 1300 823 1342 suo
843 1279 950 1363 ignem
969 1278 1118 1363 reddant3

103 1369 158 1450 qui
181 1375 219 1430 in‘
240 1366 402 1450 superiora
426 1389 592 1450 expressus
617 1368 651 1430 in
674 1371 764 1450 parte
784 1368 864 1431 oaeli
883 1367 1005 1430 sineere
1024 1390 1119 1451 pura

104 1479 166 1539 que
189 1457 313 1538 visitur,
337 1457 391 1520 sed
414 1458 451 1520 fit
474 1457 508 1519 in
531 1455 664 1520 sordida.

68 1563 81 1610 1
169 1546 220 1608 27.
253 1545 408 1610 Tonitrua
441 1545 612 1609 distinxere
645 1545 774 1628 quidam
811 1546 869 1627 ita,
906 1547 942 1608 ut
976 1545 1119 1610 dicerent
1132 1566 1154 1608 n

102 1656 201 1698 unum
225 1657 293 1698 esse
317 1657 426 1720 genus,
456 1635 546 1698 euius
570 1656 666 1718 grave
690 1635 732 1697 sit
755 1655 907 1715 murmur,
938 1636 1033 1716 quale
1056 1639 1119 1699 ter·

102 1746 210 1787 rarum
233 1728 357 1788 motum
376 1724 535 1788 anteoedit
553 1724 661 1787 olauso
680 1728 777 1786 vento
797 1727 829 1786 et
852 1724 1014 1787 fremente.
1054 1723 1120 1789 hoo

65 1830 83 1878 2
104 1812 264 1896 quomodo
282 1812 428 1877 videatur
450 1813 515 1876 illis
533 1813 612 1893 fieri,
632 1813 748 1876 dicam:
772 1834 845 1876 oum
865 1812 1013 1894 spiritum
1033 1813 1119 1877 intra

104 1923 137 1966 se
157 1904 296 1967 elausere
314 1903 424 1984 nubes,
443 1903 477 1964 in
496 1902 642 1966 oonoavis
661 1903 806 1985 partibus
826 1922 934 1964 earum
953 1903 1118 1966 volutatus

103 1996 157 2054 air
171 1992 308 2055 similem
328 1992 394 2076 agit
413 1991 590 2075 mugitibus
609 2013 733 2071 sonum,
751 2012 883 2054 raucum
899 1993 930 2053 et
949 1992 1117 2073 aequalem
1131 2011 1155 2052 n

174 2266 238 2331 lof.
259 2263 319 2317 Sea.
339 2281 378 2331 ep.
399 2267 476 2330 57‚e
502 2265 614 2331 flamma
641 2280 697 2317 non
721 2268 809 2330 potest
836 2262 955 2331 opprimi
986 2264 995 2331 Η
1026 2268 1058 2315 16
1082 2263 1117 2330 cf.

100 2335 208 2388 Aetnae
226 2352 249 2389 o.
270 2339 323 2387 464
341 2341 367 2388 et
390 2351 471 2404 prave
496 2336 545 2389 sub
570 2341 643 2389 terra
665 2352 790 2388 inarmis
809 2334 974 2388 demonstrat
991 2339 1016 2387 et
1034 2335 1117 2404 ignis.

174 2599 187 2645 1
213 2593 378 2649 subeuntem
402 2593 473 2664 uim]
500 2592 716 2647 subeuntiumz
742 2595 801 2661 (om.
829 2592 910 2660 uim),
940 2592 1004 2658 fort.
1032 2591 1119 2646 tium

102 2663 162 2716 uim
183 2664 229 2718 Ge.
258 2669 266 2734 11
293 2665 471 2719 zinoludere
492 2665 551 2735 Ga]
578 2664 607 2716 in
627 2679 660 2717 ea
679 2664 761 2718 edere
782 2665 813 2716 Φ
838 2663 868 2716 in
887 2679 920 2716 ee
939 2665 999 2732 (om.
1019 2666 1049 2732 B)
1069 2679 1118 2717 ex-

102 2735 232 2804 tinguere
251 2740 275 2791 A
303 2736 430 2806 inpedire
449 2741 496 2788 Ei·
513 2736 577 2801 fort.
596 2741 677 2801 reete,
696 2735 725 2787 in
744 2739 807 2788 aere
826 2733 989 2803 extinguere
1007 2734 1089 2790 For.
1111 2737 1116 2804 Ι

102 2807 218 2878 poterit]
234 2815 297 2876 post
314 2808 409 2876 ignem
428 2812 472 2860 Δε
497 2813 560 2860 onte
579 2806 660 2860 edere
678 2807 820 2875 111113
839 2805 943 2874 tenuis]
965 2807 1045 2860 tener
1063 2809 1116 2875 ΔΙ

99 2879 173 2932 adeo
215 2879 308 2933 ardori
330 2880 430 2934 Sobult.
459 2880 468 2947 ΙΙ
495 2883 512 2930 4
538 2894 610 2945 quae
634 2878 722 2948 Ais]
751 2878 826 2944 quod
848 2880 900 2931 θΤ
919 2876 1019 2931 Scbnit.
1049 2878 1119 2944 quia

103 2949 173 3003 Roas
192 2992 197 3002 .
218 2956 243 3003 et
260 2957 370 3018 uterque
389 2950 438 3016 sit,
459 2953 492 3004 ut
511 2954 541 3015 z,
560 2951 601 3004 vel
618 2950 650 3001 ut
668 2950 706 3018 (..
728 2948 775 3016 sit)
793 2966 843 3003 aea
862 2949 905 3002 vel
922 2949 973 3001 del.
990 2949 1089 3003 Made.
1112 2950 1117 3019 Ι

99 3036 188 3073 oeusa
208 3023 317 3093 Mada]
338 3037 436 3074 causae
459 3022 463 3088 Ι
487 3021 519 3073 fit
536 3021 595 3091 Eo]
622 3020 660 3072 sit
686 3022 695 3089 ΙΙ
722 3020 886 3073 bleranam
904 3035 1033 3089 agnosco,
1051 3020 1117 3086 fort.

102 3092 191 3160 suppl.
218 3092 294 3146 idem
319 3093 354 3146 de
380 3091 537 3162 fulgoribus
563 3091 744 3144 iudicandum
768 3093 810 3143 est
830 3091 877 3145 Ge.
899 3093 902 3159 Ι
923 3089 1118 3164 impendente]

102 3161 274 3231 impediente
293 3166 341 3217 Ελ
359 3165 368 3232 ll
387 3170 402 3216 7
422 3164 469 3234 ne]
488 3179 539 3217 nec
559 3162 647 3216 ΔλΖ1
668 3165 671 3230 Ι
693 3162 817 3233 quidem]
837 3179 887 3216 om.
907 3163 928 3214 λ
948 3163 958 3231 ΙΙ
977 3167 1005 3213 11
1023 3164 1119 3217 tumor

102 3234 240 3288 terrarum
258 3236 315 3289 coll.
336 3237 382 3288 Ἑλ
401 3237 409 3304 l
428 3241 459 3287 12
478 3233 642 3288 summissae
661 3233 774 3303 Subiit]
794 3248 919 3286 summae
938 3231 1022 3298 tran,
1041 3232 1118 3289 imae

105 3304 189 3359 Gron.
204 3308 257 3374 1113
276 3306 306 3359 in
325 3307 397 3377 sup]
417 3306 447 3359 in
461 3307 521 3375 (om.
538 3307 567 3375 0)
586 3304 779 3357 inferiorem
795 3305 799 3374 1
816 3303 882 3357 sino.
898 3320 1024 3372 puraque
1044 3305 1119 3359 caeli

98 3377 161 3430 ooli,
181 3380 205 3430 Δ
227 3380 236 3446 ΙΙ
256 3382 287 3429 14
305 3377 418 3449 uisitur]
438 3378 548 3431 uisatur
566 3378 590 3429 A
609 3378 618 3445 ΙΙ
636 3381 666 3428 16
686 3375 723 3429 sit
742 3391 827 3444 graue
846 3376 904 3429 coll.
925 3377 949 3428 A
968 3377 977 3443 ΙΙ
995 3380 1025 3427 18
1045 3374 1105 3431 illis

101 3464 123 3501 s,
139 3449 155 3501 l.
171 3451 195 3502 A
216 3451 289 3518 (aab
306 3449 363 3503 uid.
379 3454 422 3503 Be
436 3454 500 3518 post
517 3447 577 3502 fieri
591 3450 623 3516 Δ)
639 3447 643 3519 i
660 3447 735 3501 intra
749 3444 870 3516 εθΤΖἺ
890 3445 963 3499 inter
977 3447 1090 3500 ‹iiw

83 3522 126 3568 ,19
145 3519 309 3595 uolutatus]
327 3519 442 3576 uolutus
461 3523 485 3574 A
