2408 3832
101 167 168 232 240
425 167 454 222 L.
473 167 616 222 ANNAEI
634 165 799 222 SENECAE

101 318 152 378 tos
172 314 239 378 dies
262 315 398 378 fulsisse.
423 316 519 378 talem
539 314 681 399 effigiem
705 315 789 400 ignis
807 313 899 400 longi
916 314 1018 378 fuisse
1038 311 1117 378 Gal·

100 402 289 467 listhenes
308 404 414 486 tradit,
434 408 605 486 antequam
619 402 722 467 Burin
740 408 772 467 et
790 402 927 468 Helicen
945 425 1033 467 mare
1051 403 1118 467 abs·

63 511 81 558 4
101 492 258 557 conderet.
291 490 527 557 Aristoteles
547 494 592 556 ait
609 514 676 556 nou
693 493 816 557 trabem
835 493 926 556 illam
942 492 999 556 sed
1018 513 1119 556 come·

99 585 153 645 ten
173 582 280 664 firisse,
304 586 444 647 ceterum
464 581 505 646 ob
524 583 661 645 nimium
680 582 801 664 (solis)
819 581 965 646 ardorem
983 602 1050 646 non
1069 604 1120 665 ap

99 671 244 754 paruisse
264 692 409 754 sparsum
433 672 550 756 ignem,
575 671 630 735 sed
653 671 845 755 procedente
868 674 1023 754 tempore,
1047 692 1148 736 cume

99 760 165 822 iam
199 761 304 823 minus
335 761 498 846 flagraret,
526 759 685 824 redditam
716 782 806 824 suam
837 764 981 825 cometae
1010 761 1118 824 facem.

100 849 222 931 inquo
254 850 328 934 igne
358 851 461 914 multa
484 850 613 932 quidem
642 849 773 914 fuerunt
797 848 894 934 digna
918 871 1000 932 quae
1029 853 1117 913 nota·

100 942 220 1023 rentur,
249 938 332 1002 nihil
361 943 469 1003 tamen
499 940 611 1024 magis,
641 960 737 1022 quam
762 937 861 1021 quod,
885 941 921 1001 ut
949 938 1004 1001 ille
1028 936 1118 1002 fulsit

100 1028 135 1091 in
167 1029 269 1110 caclo,
302 1029 410 1092 statim
444 1050 539 1111 supra
567 1028 668 1091 Burin
701 1031 734 1091 et
764 1026 898 1090 Helicen
929 1049 1017 1091 mare
1050 1026 1116 1090 fuit.

66 1116 258 1198 enumquid
290 1138 367 1201 ergo
399 1116 634 1181 Aristoteles
670 1138 737 1179 non
773 1117 863 1181 illam
899 1120 1026 1180 tantum
1066 1115 1150 1180 seda

102 1226 212 1269 omnes
249 1205 355 1269 trabes
393 1210 532 1271 cometas
568 1228 636 1270 esse
669 1205 816 1270 credebat
847 1206 931 1268 hanc
964 1204 1118 1269 habentes

102 1293 323 1376 differentiam,
342 1296 427 1377 quod
451 1294 501 1359 his
522 1296 692 1361 continuus
716 1296 877 1380 igniscat,
901 1295 1015 1358 ceteris
1036 1316 1118 1378 spar-

103 1383 178 1447 sus?
207 1383 313 1446 trabes
336 1385 421 1447 enim
452 1384 615 1449 flammam
639 1385 804 1467 aequalem
828 1383 948 1447 hahent
970 1404 1031 1447 nec
1054 1385 1118 1448 ullo

101 1473 173 1535 loco
197 1471 412 1536 intermissam
435 1477 491 1537 aut
512 1473 698 1559 languidam
722 1475 756 1537 iu
778 1473 902 1536 ultimis
925 1494 1001 1536 vero
1024 1473 1119 1556 parti·

101 1559 162 1624 bus
181 1564 333 1644 coactam,
352 1562 479 1644 qualem
498 1563 597 1626 fuisse
616 1564 650 1625 in
669 1563 733 1645 illa,
753 1563 791 1626 de
806 1584 870 1645 qua
887 1561 984 1626 modo
1002 1561 1120 1643 rettuli,
1132 1584 1152 1626 u

104 1648 315 1714 Callisthenes
339 1651 445 1715 tradit.

69 1763 83 1808 1
171 1738 200 1802 6.
216 1738 323 1823 ‘Duc',
337 1741 444 1822 inquit
457 1740 663 1824 Epigenes,
679 1742 888 1806 ‘cometarum
902 1762 1021 1825 genera
1036 1744 1119 1805 sunt:

104 1828 160 1891 alii
183 1829 328 1893 ardorem
351 1830 494 1912 undique
513 1829 681 1893 effundunt
699 1852 759 1895 nec
781 1831 889 1894 locum
908 1833 1045 1912 mutant,
1069 1829 1121 1893 alii

104 1917 138 1980 in
162 1941 259 1981 unam
282 1923 406 2002 partem
429 1920 538 2002 ignem
561 1941 680 2004 vagum
703 1919 739 1982 in
761 1918 893 2006 modurn
917 1939 1027 1983 comae
1051 1940 1120 2002 por-

104 2007 215 2091 rigunt
233 2012 265 2071 et
284 2009 391 2072 stellas
411 2011 645 2091 praetcrmeaut
664 2004 788 2094 (quales
809 2007 872 2071 duo
892 2012 995 2072 aetate
1013 2011 1152 2072 nostran

104 2094 286 2182 visisunt).
333 2099 382 2160 illi
412 2098 534 2180 priores
559 2097 666 2160 criniti
689 2097 831 2180 undique
854 2100 886 2161 et
916 2097 1045 2161 immoti
1066 2097 1121 2160 hu-

106 2186 197 2251 miles
221 2185 287 2249 fere
306 2190 432 2249 suntet
455 2185 556 2250 isdem
581 2187 683 2250 causis
704 2186 820 2269 quibus
844 2186 949 2250 trabes
973 2187 1121 2270 facesque

107 2275 287 2339 conflantur
317 2298 356 2340 ex
390 2275 577 2359 intemperie
613 2277 693 2339 aeris
726 2275 848 2340 turbidi
880 2277 982 2339 multa
1015 2296 1121 2340 secum

70 2365 196 2434 paride
218 2364 390 2447 umidaque
413 2364 506 2428 terris
530 2364 678 2428 exhalata
700 2366 864 2428 versantis.
907 2368 1015 2448 potest
1038 2365 1122 2429 enim

106 2453 237 2535 spiritus
261 2476 319 2536 per
341 2458 478 2538 angusta
499 2454 595 2518 elisus
619 2454 790 2519 accendere
809 2476 906 2537 supra
925 2476 957 2517 se
981 2455 1122 2537 positum
1134 2475 1153 2514 a

106 2547 179 2606 atra
206 2543 338 2626 plenum
362 2542 522 2607 alimentis
551 2543 673 2607 idoneis
704 2544 786 2628 igni,
809 2542 922 2607 deinde
945 2544 1122 2627 propellere

178 2732 192 2778 1
212 2728 389 2794 carrucata
408 2708 707 2796 acarnanii.
734 2729 742 2795 l
769 2731 784 2779 a
804 2728 916 2782 Arctoi.
938 2727 1052 2780 nesea.
1071 2727 1123 2780 rc

106 2815 133 2861 p.
149 2800 225 2853 3431>
245 2804 260 2852 1
280 2805 304 2852 et
324 2803 359 2852 18
377 2800 386 2867 ΙΙ
405 2805 434 2851 17
455 2799 607 2869 Epipeucs:
625 2799 760 2854 Susenrihl
777 2800 799 2852 I
815 2803 869 2852 718

179 2973 192 3019 1
210 2967 298 3021 talem
313 3001 346 3010 -
361 2967 459 3039 fuisse]
480 2985 529 3022 om.
544 2970 727 3037 ndlEFGH)
749 2970 752 3036 l
773 2968 908 3039 effigiem]
930 2984 985 3036 que
999 2968 1064 3021 cdd.
1080 2969 1104 3022 d
1118 2967 1121 3035 l

107 3037 193 3091 fuisse
213 3037 241 3092 (l.
261 3039 308 3109 tn]
327 3039 440 3093 fulsisse
459 3039 607 3093 calistenes
626 3039 702 3092 idem
721 3041 810 3093 tradit
827 3040 914 3093 fuisse
929 3040 952 3092 δ
969 3041 978 3108 ΙΙ
998 3043 1013 3091 3
1034 3055 1124 3093 come·

107 3112 156 3162 ten
174 3109 204 3180 Ζ]
233 3112 341 3164 comete
360 3113 547 3180 norw)
575 3113 647 3164 -tam
666 3111 751 3179 (1114
771 3111 837 3164 solis
863 3109 927 3165 add.
949 3110 996 3163 Ge.
1017 3111 1124 3180 11600·

107 3182 200 3234 metae
218 3181 350 3252 Fortun]
370 3183 486 3236 cometis
508 3185 512 3251 Ι
532 3185 624 3235 lacem
639 3181 699 3252 Ga]
719 3182 820 3236 faciem
839 3184 847 3250 ΙΙ
867 3189 882 3234 'l
902 3181 1017 3248 quidem
1035 3181 1125 3236 multa

107 3252 166 3306 coll.
187 3254 210 3307 δ
230 3254 234 3320 l
259 3252 384 3325 fuerunt]
408 3253 486 3307 fuere
505 3258 549 3306 ΕΖ
568 3255 576 3322 ΙΙ
596 3258 612 3305 8
632 3253 674 3323 ut]
695 3254 807 3320 quando
831 3255 854 3307 δ
876 3255 885 3322 ll
911 3258 927 3304 9
950 3252 1006 3305 fuit
1045 3252 1126 3308 fluxit

107 3323 250 3390 Schultess,
268 3324 327 3378 ruit
342 3325 389 3380 Ge.
404 3327 413 3395 ΙΙ
431 3331 459 3378 11
477 3325 626 3395 habentes]
645 3323 756 3378 habetis
773 3327 805 3378 Φ
817 3326 826 3394 l
846 3330 881 3377 22
896 3325 936 3393 et]
956 3339 988 3376 ex
1035 3326 1105 3380 celer
1120 3325 1124 3393 l

107 3395 198 3449 isdem
212 3397 244 3467 B]
264 3395 374 3451 hisdem
388 3399 450 3452 ΛΦ
463 3398 472 3468 ll
485 3402 520 3450 28
540 3395 657 3466 turbidi]
678 3395 729 3449 -da
743 3398 766 3450 δ
779 3397 788 3464 ΙΙ
802 3401 837 3448 24
855 3395 972 3448 humida
991 3395 1126 3464 aridaque

96 3468 159 3522 coll.
177 3469 232 3593 ίιῖλ
256 3470 265 3539 l
289 3469 365 3544 exh]
390 3469 501 3525 exulata
520 3472 616 3541 311ορ
641 3471 644 3536 l
669 3467 822 3538 uersantis]
842 3468 939 3520 -tesd
964 3467 972 3535 l
1000 3471 1034 3518 85
1055 3469 1127 3540 acc]

83 3551 174 3592 ascen
199 3557 248 3597 cre
267 3543 320 3598 do
