2408 3832
413 703 762 787 PRAEFATIO

148 868 265 944 Studia,
288 887 363 946 quae
386 869 459 928 olim
483 868 611 928 Senecae
630 867 753 944 eiusque
775 867 959 944 temporibus
981 869 1101 941 navari,

81 960 218 1035 quamvis
243 959 311 1018 aliis
333 976 513 1034 prorsusque
537 957 662 1019 diversis
682 959 804 1017 interim
827 957 933 1017 officiis
956 959 987 1015 et
1010 975 1100 1033 quae-

80 1047 229 1107 stionibus
253 1047 413 1107 obstrictus
435 1049 537 1106 tamen
555 1067 616 1106 non
639 1065 760 1123 prorsus
779 1046 875 1106 abieci
892 1047 944 1106 sed
962 1045 1099 1122 pluribus

80 1137 233 1196 codicibus
251 1137 349 1214 operIs
368 1139 496 1196 maxime
514 1137 645 1214 neglecti
667 1137 794 1196 conlatis
818 1137 887 1195 ante
908 1136 963 1195 hos
987 1138 1101 1212 septem

81 1245 176 1286 annos
204 1228 344 1304 graviora
372 1227 520 1302 quaedam
550 1226 671 1302 protuli
721 1244 800 1285 nunc
828 1225 947 1284 demum
975 1224 1102 1285 editioni

79 1316 275 1375 Naturalium
298 1313 512 1384 Quaestionum
535 1314 588 1374 dIu
614 1318 739 1391 paratae
765 1317 795 1373 et
822 1316 901 1373 inter
924 1316 1023 1374 cetera
1049 1334 1100 1372 ne-

78 1407 165 1483 gotia
191 1405 338 1481 paulatim
372 1404 521 1480 perfectae
552 1422 618 1463 cum
645 1404 793 1480 praefatio
824 1422 901 1479 quae
930 1403 1101 1480 appellatur

78 1493 302 1571 praemittenda
326 1495 380 1568 sit,
408 1493 447 1552 ad
476 1494 530 1552 illa
553 1493 660 1553 Studia
688 1496 719 1552 et
745 1494 848 1569 priora
875 1484 975 1574 (Stud.
994 1484 1041 1574 1¹)
1069 1495 1101 1552 et

79 1583 287 1642 additamenta
315 1575 416 1665 (Stud.
439 1574 503 1663 11²)
539 1601 588 1643 eos
619 1584 672 1658 qui
702 1582 792 1659 plura
822 1581 934 1641 discere
966 1583 1101 1658 cupiunt,

78 1671 190 1750 relego.
236 1674 346 1732 etenim
374 1671 411 1730 de
439 1671 511 1731 fatis
537 1674 635 1748 operis
663 1674 693 1731 et
720 1671 847 1732 historia
874 1673 920 1729 ita
947 1671 1100 1746 disseram,

78 1764 115 1821 ut
143 1764 225 1821 actas
252 1779 300 1820 res
328 1781 419 1838 quam
446 1760 620 1822 brevissime
643 1763 786 1837 repetam,
814 1779 911 1836 pauca
933 1759 1028 1820 fusim
1052 1779 1099 1818 ex·

79 1850 197 1926 plicem.
248 1870 343 1927 neque
372 1851 452 1909 enim
480 1869 683 1928 quaecumque
711 1850 749 1908 ad
779 1851 980 1909 recensionem
1008 1849 1100 1909 ratio·

80 1959 208 2016 nemque
231 1939 370 2000 editionis
393 1940 631 2017 perspiciendam
655 1941 717 1999 sive
739 1941 907 1999 necessaria
930 1938 992 1999 sive
1010 1938 1101 1998 utilia

80 2047 144 2089 esse
166 2027 348 2088 videbuntur
369 2028 532 2105 praeterire
555 2028 666 2088 licebit.

224 2237 250 2303 Ι.
281 2237 329 2304 Ile
352 2236 430 2303 VIII
452 2236 549 2303 libris
574 2255 595 2303 a
617 2237 740 2304 Seneca
763 2235 961 2324 conscriptis

149 2383 182 2443 L.
209 2383 351 2445 Annaeus
380 2383 492 2444 Seneca
520 2387 635 2445 aestate
661 2386 723 2444 fere
751 2386 823 2445 anni
849 2405 878 2461 p.
904 2383 971 2444 Ohr.
995 2405 1023 2442 n.
1048 2385 1099 2443 62.

79 2477 200 2533 mortuo
220 2474 318 2534 ero
341 2475 469 2534 fractam
493 2493 556 2534 esse
580 2493 665 2534 suam
688 2477 856 2552 potentiam
880 2493 947 2534 cum
967 2473 1101 2532 animad-

80 2565 220 2639 verteret,
247 2565 280 2622 iu
308 2565 402 2622 otium
430 2564 488 2623 sibi
510 2564 706 2624 recedendum
730 2582 793 2624 esse
817 2564 874 2623 etsi
896 2565 992 2623 invito
1016 2565 1100 2623 ratus

80 2651 119 2710 ad
133 2655 247 2729 scripta
260 2652 468 2729 philosophica
482 2652 692 2713 conscribenda
707 2653 812 2713 ardore
832 2653 962 2729 quodam
975 2652 1101 2710 iuvenili

80 2741 180 2800 denuo
199 2760 230 2801 se
245 2742 402 2824 convertit.
430 2739 522 2818 atqu'e
540 2743 672 2820 primum
687 2743 808 2819 quidem
821 2743 857 2802 de
875 2741 1100 2817 tranquillitate

80 2829 175 2890 animi
198 2831 236 2889 ad
256 2830 400 2890 Serenum
423 2831 552 2908 scripsit,
575 2832 681 2891 deinde
696 2865 738 2873 —
753 2834 813 2891 nisi
835 2832 926 2890 fallor
939 2863 982 2872 —
997 2829 1101 2889 eodem

79 2937 158 2989 anno
183 2924 308 2984 exeunte
330 2939 473 2998 magnum
495 2920 573 2980 illud
595 2921 631 2980 de
655 2922 766 2981 mundo
789 2923 820 2980 et
843 2922 940 2980 causis
963 2918 1099 2979 secretis-

81 3027 139 3084 que
162 3027 239 3084 opus
262 3010 387 3069 condere
411 3011 568 3069 constituit
591 3014 621 3070 et
638 3011 723 3070 nullo
741 3011 867 3069 fortasse
887 3010 986 3086 spatio
1008 3009 1099 3067 inter-

93 3171 95 3176 ’
153 3180 179 3248 1)
199 3163 443 3247 Semta-Studien,
462 3181 579 3251 Leipzip
593 3185 674 3236 1895.
710 3181 788 3234 Haec
803 3184 832 3234 et
850 3178 1004 3249 separatim
1023 3179 1052 3231 et
1069 3177 1100 3230 in

81 3248 347 3332 supplementorum
386 3251 540 3306 Annalium
581 3252 874 3306 Fleckeisenianorum
910 3253 986 3304 tomo
1023 3247 1101 3302 XXII

80 3319 302 3464 edltalfugtbdia
320 3394 488 3450 unewano:
531 3395 801 3464 Wisseascbostlicbe
819 3394 941 3461 Beiluqe
965 3387 1122 3443 aurovon-

82 3463 354 3535 consummana
371 3467 420 3522 der
444 3466 618 3525 Universitdt
639 3467 820 3539 Greifsucld
839 3464 947 3519 (latera
965 3458 1059 3509 saue.
