2408 3832
354 141 489 196 maroa.
509 116 659 208 ouiuar.
678 141 745 197 um
763 141 809 196 m
829 147 871 196 27.
1061 141 1124 205 129

108 290 173 354 iam
197 289 283 353 enim
309 292 477 372 promovet
505 289 583 352 litus
605 309 665 354 neo
688 288 873 354 continetur
896 289 961 352 suis
991 287 1125 372 finibus3

108 381 176 443 ideo
193 377 408 462 prohibentur
421 378 507 441 exire
525 381 683 442 torrentes
698 381 861 463 aguntque
880 377 1014 441 fluctum
1030 381 1126 461 retro,

107 491 182 552 pars
213 470 322 530 tamen
351 467 454 530 maior
476 471 513 530 ut
542 466 685 550 maligno
709 467 793 530 ostio
815 471 940 531 retenta
961 471 1127 552 restagnat

107 562 140 621 et
171 577 266 641 agros
297 555 331 619 in
360 556 496 619 formam
523 556 618 619 unius
645 555 708 620 laci
738 556 863 640 redigit.
914 555 978 619 iam
1009 557 1125 638 omnia,
1145 574 1177 622 11

77 669 173 730 sque
197 645 340 729 prospici
362 648 478 728 potest,
502 643 592 728 aquis
617 642 815 709 obsidentur:
847 646 951 709 omnis
981 647 1124 709 tumulus

105 737 141 799 in
160 734 322 818 profundo
341 733 421 796 latet
440 737 471 796 et
494 732 648 797 immensa
667 734 787 816 ubique
807 732 943 798 altitudo
963 738 1019 798 e'st.
1056 739 1125 799 tan-

105 829 178 888 tum
209 823 243 887 in
273 824 406 886 summis
436 822 594 886 montium
626 823 710 907 iugis
733 823 814 886 vada
844 827 932 886 sunt:
959 845 991 887 eo
1016 824 1050 886 in
1073 845 1125 887 ex-

106 912 285 977 celsissima
317 933 390 976 oum
426 910 535 975 liberis
569 912 823 996 coniugibusque
859 912 1013 997 fugerunt
1045 912 1123 976 aotis

106 1005 182 1066 ante
197 1024 230 1065 se
249 1001 409 1087 gregibus.
440 1001 632 1083 diremptum
650 1001 735 1064 inter
748 1002 881 1065 miseros
897 1002 1124 1066 commercium

62 1117 91 1156 ιο
107 1114 145 1156 ae
178 1091 345 1173 transitus,
378 1090 530 1172 quoniam
561 1089 714 1173 quioquid
747 1091 948 1154 summissius
978 1095 1059 1176 erat,
1091 1090 1125 1153 id

106 1180 194 1244 unda
218 1178 404 1262 complevit:
428 1177 613 1241 editissimis
638 1179 817 1262 quibusque
842 1179 1055 1243 adhaerebant
1077 1202 1125 1245 re
1145 1198 1177 1248 12

105 1268 227 1352 liquiae
258 1269 382 1352 generis
412 1267 557 1348 humani,
588 1269 704 1350 quibus
735 1269 768 1330 in
792 1271 934 1331 extreme
961 1269 1124 1351 perductis

106 1359 170 1423 hoo
200 1380 300 1421 unum
329 1357 448 1422 solacio
477 1357 552 1438 fuit,
581 1357 666 1439 quod
696 1357 866 1420 transierat
895 1357 930 1420 in
960 1361 1123 1441 stuporem

106 1451 221 1512 metus.
258 1468 324 1509 non
342 1445 475 1509 vacabat
498 1446 610 1509 timere
633 1446 838 1530 mirantibus3
861 1468 921 1510 neo
945 1445 1037 1510 dolor
1055 1447 1125 1531 qui·

64 1562 90 1602 15
107 1539 180 1601 dem
211 1534 350 1599 habebat
378 1536 496 1616 looum,
527 1535 647 1617 quippe
670 1536 736 1597 vim
767 1557 857 1599 suam
886 1536 991 1619 perdit
1021 1537 1055 1599 in
1077 1558 1124 1619 eo,

106 1626 164 1708 qui
183 1626 269 1688 ultra
287 1647 414 1688 sensum
433 1624 512 1686 mali
530 1625 627 1687 miser
645 1627 701 1687 est.
734 1645 811 1708 ergo
831 1625 1008 1688 insularum
1027 1626 1123 1690 modo
1144 1645 1176 1693 13

106 1716 249 1779 eminent
280 1714 416 1777 ‘montes
447 1717 479 1776 et
509 1734 634 1796 sparsas
660 1711 813 1796 Cycladas
844 1713 984 1798 augent,
1012 1718 1051 1777 ut
1080 1716 1125 1778 ait

106 1806 161 1868 ille
185 1808 352 1888 poetarum
383 1803 659 1887 ingeniosissimus
682 1802 823 1887 egregie,
848 1803 931 1866 siout
961 1804 1042 1866 illud
1064 1824 1123 1886 pro

109 1893 331 1978 magnitudine
354 1892 401 1956 rei
425 1890 506 1954 dixit

63 2045 91 2083 ro
152 2018 262 2082 omnia
285 2020 404 2101 pontus
428 2019 505 2098 erat,
528 2016 657 2079 deerant
682 2037 809 2098 quoque
832 2016 929 2079 litora
951 2020 1062 2100 ponto,

105 2145 141 2208 ni
173 2127 299 2206 tantum
333 2142 491 2224 impetum
522 2142 644 2225 ingenii
677 2144 709 2204 et
736 2141 887 2204 materiae
915 2141 955 2204 ad
985 2141 1123 2224 pueriles

104 2233 244 2316 ineptias
266 2232 456 2294 reduxisset:

150 2360 207 2421 nat
229 2357 326 2439 lupus
350 2356 433 2418 inter
456 2376 540 2437 oves,
562 2355 669 2418 fulvos
692 2354 781 2418 vehit
803 2355 889 2417 unda
916 2355 1033 2417 leones.

178 2549 222 2619 4s⁵
246 2549 280 2614 cf.
300 2548 407 2601 Lucan.
427 2548 477 2601 IV
488 2552 524 2600 99
536 2564 572 2615 sq.
597 2549 654 2600 iam
677 2548 777 2600 tantuli
799 2547 928 2614 collesque
952 2548 1044 2613 latent,
1067 2549 1124 2601 iam

103 2621 225 2688 flumina
239 2626 337 2672 coacta
350 2619 474 2672 coadidit
487 2635 546 2672 aaa
557 2621 642 2686 patus
655 2619 664 2686 ΙΙ
677 2624 707 2670 17
721 2617 766 2672 Oe.
779 2617 845 2671 Met.
856 2618 895 2670 ΙΙ
904 2622 960 2671 264
979 2620 987 2687 b
1005 2623 1040 2671 20
1055 2619 1122 2673 Met.

105 2694 127 2745 I
135 2694 193 2744 292
212 2691 220 2759 ΙΙ
239 2695 273 2742 23
295 2692 362 2744 Met.
376 2691 398 2742 I
408 2694 461 2743 304

178 2874 195 2921 2
213 2867 278 2922 ideo
301 2869 352 2937 (oet
370 2867 420 2937 sio)
442 2868 501 2938 Ge]
528 2868 578 2922 sed
597 2869 648 2936 (vet
666 2870 719 2937 set)
740 2870 743 2936 t
764 2867 949 2936 prohibentur
966 2868 1033 2937 Leo]
1059 2884 1123 2936 pro-

104 2940 206 2993 hibent
224 2939 233 3011 Η
251 2945 266 2991 3
282 2940 355 2993 ostio
368 2939 398 3009 Ζ]
417 2937 510 2992 hostio
524 2940 532 3007 tt
547 2944 564 2992 4
582 2938 702 2991 formam
715 2939 773 3009 ηΕ]
788 2938 879 2992 forma
895 2943 898 3007 Ι
914 2938 982 3009 laci]
997 2940 1031 3005 cf.
1047 2939 1124 2994 Neue

104 3012 140 3064 Ι8
155 3029 185 3080 p.
203 3015 266 3076 781,
280 3011 336 3064 Leo
355 3011 388 3063 de
402 3010 487 3064 Statii
504 3011 581 3064 silvis
600 3014 672 3064 1892
686 3028 716 3078 p.
732 3015 776 3076 15,
797 3010 870 3064 CIL
890 3011 935 3063 VI
945 3014 1026 3076 1297,
1044 3010 1123 3064 lacus

104 3082 162 3135 ΡΖ
187 3084 195 3151 tt
219 3087 234 3133 5
259 3083 329 3151 qua]
358 3083 452 3151 qu(a)e
470 3087 515 3151 ηΡ
547 3098 632 3148 quam
652 3086 693 3134 oz
720 3083 728 3150 ΙΙ
754 3087 822 3134 'teo
846 3081 876 3134 in
897 3081 956 3152 Ge]
985 3081 1015 3134 in
1038 3097 1072 3134 ea
1092 3085 1124 3135 Φ

105 3171 140 3207 ea
166 3155 217 3207 del.
238 3154 369 3222 Madvig,
394 3158 490 3207 contro
513 3151 702 3206 excelsissima
727 3154 777 3206 del.
797 3153 893 3207 Haase
920 3155 929 3222 tt
957 3159 972 3205 8
999 3153 1109 3222 ooniug.

106 3243 171 3279 oum
192 3225 249 3292 iug.
270 3225 291 3276 λ
310 3225 318 3293 tt
337 3229 353 3275 9
373 3223 543 3292 diremptum
561 3224 721 3294 TFortun]
745 3224 887 3292 direptum
905 3225 913 3292 tt
932 3230 963 3277 12
987 3226 1111 3277 extrema

104 3297 253 3364 -mumttt
267 3300 299 3348 14
313 3296 436 3366 neoto]
452 3311 487 3348 ne
501 3297 585 3364 ηθΖ,
604 3297 639 3362 cf.
655 3296 854 3365 Krtbner1[§
868 3296 983 3363 157,8tt
997 3301 1026 3346 15
1043 3312 1122 3347 suam

104 3368 165 3422 uim
184 3368 243 3420 coll.
259 3368 305 3419 Ἑλ
329 3369 337 3434 h
360 3372 389 3418 17
411 3366 534 3420 cicladas
553 3369 624 3420 trad.
646 3368 654 3435 tt
678 3371 713 3419 20
732 3368 793 3419 eret
813 3369 844 3419 Φ
863 3372 888 3419 et
908 3366 953 3419 Oe.
969 3367 1045 3419 codd.
1060 3367 1122 3488 Hit]

104 3441 140 3506 of.
158 3440 234 3507 Verq.
254 3439 299 3492 eol.
319 3443 348 3504 8,
363 3443 415 3503 a&
435 3439 503 3492 Gerr.
519 3443 563 3504 19,
578 3443 603 3503 9,
619 3442 653 3491 13
670 3439 764 3504 (Leo),
789 3439 908 3489 erantE
933 3443 959 3490 et
979 3437 1024 3490 Οὐ.
1045 3438 1094 3489 eod
1116 3479 1121 3489 .

104 3517 131 3563 Μ
153 3514 237 3575 (man.
257 3513 320 3576 rec.)
341 3525 357 3562 ε
376 3512 384 3578 η
403 3516 434 3562 21
452 3509 493 3580 ni]
513 3509 569 3562 nisi
586 3515 634 3580 qn

155 3608 268 3646 Sarsura
280 3619 407 3650 urrunnu.
424 3620 527 3656 ouansr.
544 3612 582 3652 ed.
597 3611 723 3653 Gerous.
972 3598 993 3642 (ὃ
