2408 3832
64 161 138 215 XLII
469 161 674 216 PRAEFATIO

169 312 198 369 V
214 314 274 384 7,1
301 313 398 384 aliquo
423 307 513 394 όλρ]
545 330 580 371 ec
602 314 700 386 utiquo
722 306 820 372 db‘Z

215 401 299 476 18,7
323 403 357 460 in
380 403 443 460 cius
465 395 528 475 λΡ,
552 421 608 460 om.
624 397 655 481 ς]
688 405 721 462 iu
740 402 825 462 eisd
856 395 961 463 ciust
993 404 1086 463 bouus

96 560 97 564 Ἰ
322 481 470 549 θΡΙθΖ.

132 597 236 672 Neque
259 596 353 674 igitur
378 599 501 672 mirum,
529 598 609 672 quod
635 600 737 657 multis
761 599 979 675 exemplaribus
1003 599 1087 659 inter

66 702 96 744 se
121 684 238 745 collatis
267 686 369 743 eadem
396 687 505 745 menda
532 689 588 745 etsi
610 690 776 746 recentiora
801 691 902 747 tamen
925 707 1014 764 saepe
1037 708 1085 748 re-

66 777 198 849 currunt,
221 775 316 834 veluti
1040 777 1064 787 ”

171 881 269 955 1120,
286 883 303 940 2
329 884 435 956 efficax
449 901 509 942 csse
528 878 596 962 em]
621 886 712 957 efficio
731 901 790 943 esse
806 884 838 943 Φ
860 886 926 956 fieri
940 887 969 942 et
979 880 1084 944 essert

326 988 386 1030 esse
403 965 425 1030 Ζ
443 974 510 1044 fieri
527 965 582 1031 ΕΤ
602 965 669 1052 (sed
686 977 755 1049 post
773 974 933 1046 aliquomodo
951 965 977 1031 Ε
1002 965 1086 1055 coli)

327 1063 404 1134 osrici
426 1061 610 1121 Vincentius,

68 1187 163 1242 neque
191 1185 261 1226 vero
289 1167 344 1226 hae
378 1172 532 1228 contextus
564 1170 788 1228 immutationes
819 1169 912 1228 errori
939 1167 1086 1228 debentur

68 1275 169 1317 omnes
192 1256 244 1316 sed
267 1257 339 1315 satis
363 1258 475 1317 multae
499 1259 743 1334 interpolationes
763 1261 881 1317 suntet
905 1257 1031 1317 audaces
1056 1260 1087 1315 et

68 1363 197 1423 sagaces,
222 1365 349 1421 quarum
371 1346 503 1424 insignes
530 1347 690 1406 nonnullas
715 1350 802 1406 antea
827 1348 962 1425 congessi
984 1343 1085 1427 (Stud.

68 1435 140 1494 168
152 1453 225 1510 sqq,
248 1434 280 1492 H
295 1437 335 1493 29
347 1427 414 1516 sq).
461 1437 589 1512 exempli
616 1438 680 1495 loco
709 1437 852 1495 afferatur
875 1438 999 1494 adustus
1016 1434 1064 1494 IV
1067 1434 1086 1493 b

71 1525 155 1598 13,5
180 1526 213 1582 in
235 1515 300 1582 11²2
325 1524 468 1584 additum.
502 1528 592 1600 atque
615 1528 758 1584 memoria
782 1529 826 1584 est
850 1525 982 1602 dignum,
1007 1524 1087 1600 quod

68 1631 277 1688 nonnusquam
305 1613 419 1672 scribae
445 1614 605 1692 diligentes
633 1616 671 1674 ad
698 1616 779 1674 locos
807 1617 970 1690 temptatos
993 1613 1088 1672 inter·

70 1705 257 1778 pretamenta
280 1702 426 1778 quaedam
449 1703 631 1779 adiecerunt,
653 1705 750 1764 veluti

159 1809 262 1868 11123
297 1827 330 1868 ex
356 1805 581 1889 posterioribus]
629 1829 662 1869 ea
697 1812 752 1870 bis
784 1812 995 1883 posterioribus
1032 1801 1087 1890 (sc.

330 1892 448 1980 librisi)
467 1893 502 1958 Z:
526 1902 562 1958 cf.
583 1918 616 1960 cx
639 1892 912 1972 superioritatem
937 1892 990 1980 (sc.
1009 1901 1043 1958 in
1062 1891 1088 1958 ld

330 1988 401 2047 ordo
424 1989 570 2047 librorum
593 1992 703 2047 temere
727 1990 860 2048 mutatus
884 1980 943 2069 est)

161 2076 209 2134 III
224 2077 310 2153 28‚3
334 2079 438 2135 ceteris
461 2082 529 2136 ante
558 2072 675 2156 littoris]
703 2079 850 2136 interioris
872 2071 926 2136 ΡΤ
950 2080 1043 2137 ccctis
1066 2095 1090 2155 η

330 2169 470 2239 antiqui
494 2161 523 2226 Ζ.

73 2275 163 2348 atque
187 2273 289 2331 eodem
311 2272 399 2332 modo
422 2273 554 2348 1127‚3
578 2274 630 2331 ubi
648 2274 680 2332 in
699 2274 861 2348 archetypo
885 2290 951 2333 acre
969 2271 1092 2332 videtur

72 2362 174 2434 fuisse,
197 2361 229 2421 in
252 2358 278 2420 Δ
303 2380 370 2421 aere
398 2357 633 2432 describebatur,
656 2365 688 2420 iu
712 2362 848 2422 omnibus
873 2364 1022 2438 quotquot
1045 2363 1091 2421 in·

73 2453 236 2510 notuerunt
267 2452 400 2509 familiae
435 2452 468 2511 Φ
500 2451 649 2511 codicibus
681 2452 811 2510 traditur
846 2468 913 2510 acre
945 2451 1092 2510 mabam.

73 2559 169 2615 neque
192 2540 281 2599 aliter
304 2540 490 2616 explicantur
513 2541 579 2599 IVb
594 2543 662 2616 4,2
691 2544 827 2614 temporis
851 2537 911 2600 όθ
938 2542 1016 2599 aeris
1039 2532 1092 2622 QZ

73 2632 211 2702 temporis
238 2631 283 2689 oei
310 2633 387 2689 ueris
415 2629 435 2689 λ
463 2633 493 2688 et
521 2631 701 2706 glossemata
730 2630 841 2689 similia
870 2621 1093 2711 (ef.11,14),

75 2736 152 2793 quae
174 2737 243 2777 raro
266 2719 409 2796 leguntur
432 2719 462 2777 in
485 2719 569 2778 libris
589 2719 810 2778 vetustioribus
853 2718 946 2777 studii
970 2719 1000 2776 et
1024 2717 1094 2777 dili·

74 2809 195 2884 gantiae
232 2808 452 2886 philologorum
490 2808 674 2868 saeculorum
709 2809 772 2866 fere
807 2802 1095 2886 XsXl-XHJXHI

74 2897 247 2957 testimonia
269 2897 343 2956 haec
366 2901 435 2956 sunt
457 2897 582 2973 pulchra
601 2917 696 2972 neque
720 2897 792 2956 satis
816 2896 904 2955 hodic
924 2897 1094 2956 aestimata.

241 3104 311 3170 Vll.
334 3105 380 3171 lie
403 3105 496 3171 textu
519 3104 721 3170 emendando
745 3104 778 3169 et
801 3103 926 3170 edendo

143 3254 211 3313 Non
240 3258 440 3314 correctorum
471 3253 563 3313 medii
595 3253 661 3312 aevi
689 3253 789 3311 studia
817 3253 869 3311 sed
903 3253 1096 3328 antiquitatis

77 3344 243 3402 socordiam
274 3343 367 3402 secuti
400 3346 470 3402 sunt
501 3343 701 3402 recentiorum
737 3344 906 3417 temporum
938 3342 1096 3422 philologi.

77 3433 206 3509 neglecti
230 3433 308 3491 enim
332 3452 350 3491 a
373 3433 522 3509 plerisque
546 3432 739 3490 Naturalium
763 3429 976 3499 Quaestionum
999 3430 1098 3492 libelli

65 3536 136 3576 cum
161 3522 273 3580 ceteris
296 3522 426 3581 Senecae
449 3522 568 3597 scriptis
596 3521 693 3579 multo
721 3519 817 3597 magis
841 3519 987 3578 adamatis
1011 3523 1097 3596 prelo
