2408 3832
321 148 456 203 NATUR.
476 148 627 215 chnsn.
647 149 713 203 LlB.
733 148 792 203 Vll.
813 153 926 202 17-20.
1071 147 1136 211 253

115 300 173 361 aut
205 317 262 379 per
293 296 553 360 coniunctionem
591 294 827 359 cohaerentium
865 295 969 380 reddi3
1006 294 1172 377 quidemn

116 387 208 450 aiunt
227 407 295 449 esse
315 384 444 467 quidem
463 385 518 448 sed
537 385 654 449 habere
673 405 784 448 cursus
804 407 879 449 suos
903 388 935 448 et
957 387 1032 468 post
1051 386 1138 447 certa

114 477 219 540 lustra
251 475 285 538 in
317 479 525 558 conspectum
557 475 743 548 mortalium
776 474 876 555 exire,
904 473 1035 557 quidam
1068 494 1137 538 esse

118 564 250 648 quidem
274 563 328 627 sed
352 585 419 628 non
438 564 555 647 quibus
579 563 720 627 siderum
744 584 864 626 nomen
886 564 1043 646 imponas,
1062 563 1138 645 quia

88 653 306 720 odilabnntur
337 673 396 716 nec
428 652 482 716 diu
515 652 632 716 durant
664 657 696 715 et
728 653 838 738 exigui
865 653 1020 736 temporis
1047 673 1138 715 mora

118 743 324 827 dissipantur.

186 830 237 895 20.
268 828 307 895 ln
335 830 397 895 hac
420 833 578 895 sententia
601 835 676 895 sunt
703 829 849 914 plerique
872 834 1056 894 nostrorum
1079 847 1171 894 neci

118 921 151 985 id
181 923 298 1004 putant
319 919 447 984 veritati
475 941 663 1004 repugnare.
710 918 856 983 videmus
886 921 972 983 enim
1003 921 1037 982 in
1064 919 1138 983 snb-

117 1010 189 1073 limi
221 1010 310 1074 veria
346 1010 471 1094 ignium
504 1010 630 1093 concipi
667 1030 784 1094 genera
816 1012 848 1072 et
885 1008 980 1072 modo
1014 1007 1137 1072 caelum

79 1098 239 1181 scandere,
261 1098 357 1161 modo

211 1189 327 1273 longos
351 1210 369 1250 a
392 1191 483 1272 tergo
506 1186 708 1251 flammarum
733 1187 892 1252 albescere
916 1191 1047 1268 tractus,

118 1276 216 1342 modo
247 1278 332 1341 faces
357 1298 430 1340 oum
460 1277 535 1361 igne
558 1281 649 1341 vasto
672 1277 752 1360 rapi.
798 1277 862 1340 iam
892 1277 963 1360 ipsa
992 1275 1138 1359 fulmina,

118 1367 247 1431 etiamsi
269 1365 439 1431 velocitate
469 1366 551 1429 mira
582 1366 679 1430 simul
709 1370 741 1429 et
770 1368 1013 1450 praestringunt
1036 1365 1137 1429 aciem

119 1459 153 1519 et
173 1454 372 1538 relinquunt,
395 1455 486 1539 ignes
510 1459 585 1519 sunt
608 1456 688 1519 a‘e’ris
713 1456 781 1518 triti
805 1458 837 1519 et
860 1456 983 1539 impetu
1002 1456 1086 1518 inter
1105 1477 1138 1519 se

76 1570 104 1612 rs
118 1546 240 1608 maiore
264 1545 380 1608 collisi:
411 1543 481 1608 ideo
506 1565 546 1606 ne
575 1545 730 1609 resistunt
753 1544 882 1627 quidem
911 1542 967 1608 sed
996 1545 1138 1628 expressi

118 1633 226 1697 fluunt
244 1637 276 1696 et
294 1634 442 1717 protinus
460 1637 604 1717 pereunt.
641 1635 698 1696 alii
715 1655 791 1697 vero
814 1634 906 1719 ignes
930 1632 986 1696 diu
1008 1637 1140 1696 manent
1158 1651 1173 1696 ι)

118 1742 179 1786 neo
202 1725 276 1786 ante
299 1721 476 1807 discedunt,
500 1744 597 1805 quam
620 1727 848 1807 consumptum
872 1726 921 1786 est
945 1744 1048 1805 omne,
1072 1744 1136 1805 quo

119 1811 342 1896 pascebantur,
372 1811 570 1876 alimentum.
616 1812 678 1876 hoo
705 1814 777 1877 loco
806 1815 881 1876 sunt
911 1812 967 1875 illa
990 1834 1008 1875 a
1031 1811 1139 1875 Posi·

119 1901 236 1965 donio
260 1899 379 1984 scripta
402 1900 569 1984 miracula,
593 1900 760 1966 columnae
784 1902 943 1985 clipeique
966 1901 1138 1986 flagrantes

76 2016 105 2056 so
119 1991 265 2072 aliaeque
284 1989 404 2076 insigni
422 1991 564 2054 novitate
583 1990 739 2073 fiammae,
759 2013 840 2073 quae
858 2012 923 2053 non
938 1990 1140 2055 adverterent

120 2080 255 2160 animos,
274 2078 301 2142 si
320 2101 360 2142 ex
379 2079 610 2144 consuetudine
629 2083 661 2143 et
678 2079 750 2165 lege
764 2080 981 2144 decurrerent:
1001 2080 1139 2144 adhaec

119 2171 252 2251 stupent
280 2189 405 2250 omnes,
428 2190 509 2251 quae
538 2170 743 2253 repentinum
771 2191 810 2232 ex
838 2170 903 2232 alto
934 2169 1042 2255 ignem
1066 2169 1138 2233 effe-

118 2261 205 2340 runt,
228 2258 295 2322 sive
319 2258 450 2321 emicuit
473 2258 596 2341 aliquid
618 2262 651 2321 et
673 2258 759 2344 fugit
777 2260 844 2323 sive
864 2279 1047 2342 compresso
1068 2264 1138 2323 aere

119 2349 153 2410 et
175 2347 209 2409 in
233 2345 379 2410 ardorem
403 2350 512 2411 coacto
535 2346 607 2412 loco
631 2348 778 2411 miraculi
801 2348 898 2411 stetit.
938 2348 1017 2431 quid
1039 2348 1173 2433 ergo?3

79 2460 105 2501 rs
119 2457 199 2499 num
236 2435 408 2519 aliquando
445 2435 560 2500 lacuna
591 2436 764 2501 recedentis
795 2442 882 2501 retro
915 2438 997 2500 aeris
1033 2439 1139 2520 patuit

192 2598 220 2644 11
235 2593 311 2663 Verp.
329 2593 426 2663 Georp.
440 2593 462 2645 Ι
472 2597 528 2647 367
550 2595 559 2662 [Ι
582 2598 612 2644 18
627 2594 722 2649 Porid.
734 2600 766 2662 p:
774 2599 815 2683 βο
825 2594 860 2647 Β.

192 2735 286 2805 lant]
307 2737 372 2789 etd
391 2737 440 2788 aut
454 2754 474 2789 s.
489 2752 540 2803 per
553 2753 574 2808 ρ
587 2737 596 2805 ΙΙ
610 2741 627 2788 2
641 2736 768 2808 quidem]
787 2753 837 2792 coa
853 2738 898 2805 δΙΙ
913 2741 929 2788 3
944 2738 1138 2809 conspectum]

120 2807 199 2859 -ectu
213 2809 307 2859 BcLP
320 2807 329 2876 ΙΙ
343 2811 360 2858 4
374 2806 488 2877 nomen]
507 2806 622 2860 nomina
637 2809 684 2861 Μ
698 2809 707 2877 ΙΙ
726 2813 741 2860 o
756 2808 854 2879 temp]
871 2808 963 2877 operis
978 2811 1002 2863 c
1015 2811 1023 2879 Η
1042 2814 1059 2861 9
1074 2826 1139 2863 con-

121 2876 179 2946 cipi
207 2877 316 2947 ignium
344 2878 403 2932 coll.
423 2880 471 2932 Μ
494 2880 502 2946 ΙΙ
526 2884 553 2930 11
576 2877 693 2948 flamm]
722 2887 785 2934 ante
807 2878 906 2950 longos
932 2881 1006 2935 Ver.
1031 2881 1108 2936 codd.
1130 2882 1139 2950 ΙΙ

120 2953 153 3002 12
175 2946 265 3020 faces]
293 2948 423 3003 fascest
451 2950 460 3019 ΙΙ
488 2954 518 3002 18
542 2949 666 3021 etiamsi]
695 2950 791 3005 etsi&
815 2954 818 3020 Ι
846 2950 931 3004 simul
949 2898 1000 3022 ets
1017 2968 1069 3006 om.
1089 2954 1112 3006 δ
1133 2955 1136 3020 Ι

119 3020 252 3091 praesta]
270 3022 369 3089 perstr.
385 3022 433 3074 Μ
451 3022 460 3090 ΙΙ
477 3026 509 3073 14
527 3020 640 3093 relinq.]
661 3021 810 3075 remittunt
828 3023 902 3091 (ont
915 3028 944 3087 Τ)
959 3025 1007 3077 Μ
1028 3025 1032 3088 l
1053 3024 1125 3077 aeris

121 3095 187 3145 cere
206 3092 312 3160 Kroll!
337 3091 410 3162 triti]
436 3091 728 3158 armunensem,
754 3093 854 3146 attritu
879 3095 936 3149 cod.
956 3095 1036 3150 Anio.
1066 3098 1069 3164 Ι
1097 3097 1126 3150 ct

120 3163 171 3217 dez.
194 3162 241 3217 Ge.
264 3163 274 3232 fl
296 3168 327 3215 16
345 3163 393 3234 ne]
419 3180 476 3216 non
495 3166 542 3218 Μ
560 3165 569 3233 ll
593 3169 629 3216 20
647 3164 769 3237 aduert]
795 3167 882 3218 auert.
902 3170 926 3217 A
951 3169 1037 3220 euert.
1056 3171 1125 3235 ⁷1⁸5

122 3236 246 3288 connert.
263 3235 458 3305 Modoiqllssl
477 3235 522 3306 ex]
541 3237 656 3289 ωηΜ
677 3238 681 3304 Ι
702 3236 750 3307 ad]
769 3253 820 3290 orn.
836 3238 882 3306 δΙΙ
900 3242 935 3289 22
954 3253 1138 3306 omnesquae

121 3305 266 3376 aarum]
294 3321 447 3374 omnesque
467 3308 499 3360 Φ
526 3323 622 3360 omncs
646 3314 671 3361 et
697 3324 752 3375 que
776 3315 840 3376 post
861 3308 1040 3377 repentinum
1064 3310 1111 3363 Μ
1130 3311 1138 3380 ΙΙ

88 3421 90 3425 ,
121 3381 156 3430 8³
175 3375 304 3448 emicuit]
323 3377 438 3446 igneum
456 3380 480 3432 c
500 3380 504 3447 l
525 3380 554 3431 et
571 3378 658 3450 lugit]
677 3377 778 3448 effugit
796 3381 844 3433 Μ
861 3381 870 3449 ll
889 3385 924 3433 24
943 3380 1053 3451 coacto]
1074 3396 1139 3434 con-

121 3450 198 3502 creto
213 3448 262 3501 Μ
274 3450 284 3518 ΙΙ
299 3453 333 3500 26
348 3466 416 3501 num
426 3450 482 3518 Μ]
499 3466 567 3502 num
582 3449 711 3503 siBnon
722 3452 762 3516 Φ,
776 3452 917 3519 respondet
932 3451 980 3504 sed
990 3469 1021 3520 p.
1030 3453 1138 3520 254,4[

120 3518 279 3576 accedentis
300 3519 413 3592 Gruter]
437 3520 591 3576 sicedentis
615 3523 648 3576 Φ
676 3521 739 3576 ileo.
763 3525 787 3573 k
802 3526 921 3586 isan,
938 3521 1103 3574 sumemus
1120 3533 1158 3566 ss
