2408 3832
329 158 464 214 NATUR.
485 159 635 226 QUAEST.
655 160 721 215 LIB.
740 160 786 215 Ill.
806 160 935 215 Parias.
1098 162 1142 226 95

124 307 235 370 multis
254 306 351 371 rebus
369 328 435 370 non
449 329 488 371 ex
506 310 621 370 natura
640 330 698 371 sua
712 307 767 372 sed
781 330 821 373 ex
833 308 1018 372 humilitate
1031 312 1142 372 nostra

123 395 247 480 magnit
233 394 313 458 tudo
345 399 401 459 est.
454 395 531 478 quid
562 390 771 496 praecipuum
804 398 838 459 in
864 398 960 461 rebus
992 395 1141 460 humanis

122 484 193 549 est?
229 506 296 548 nou
315 485 471 549 classibus
489 486 591 548 maria
609 486 787 569 complesse
805 507 864 550 neo
883 487 917 549 in
935 486 1025 549 rubri
1044 487 1141 550 maris

120 574 218 638 litore
255 575 348 658 signa
380 574 490 637 fixisse
525 595 586 638 nec
619 574 784 639 deficiente
818 574 903 638 ad
895 575 1027 638 iniurias
1058 579 1142 640 terra

93 685 245 727 serrasse
267 663 302 726 in
325 685 444 728 oceano
468 664 581 747 ignota
599 667 813 816 quaerentem,
837 663 892 728 sed
915 665 1023 727 animo
1046 685 1141 730 omne

121 751 241 816 vidisse
260 755 301 833 et,
323 773 386 835 qua
408 752 512 815 maior
529 753 667 816 rruHa'
637 756 704 816 vict
705 754 774 816 oria
792 756 849 835 est,
868 753 948 816 vitia
967 753 1141 818 domuisse:

122 842 372 906 innumerabiles
396 845 481 924 sunt,
504 841 560 942 qui
583 843 737 942 populos,
761 842 817 924 qui
839 803 935 906 irrbes
959 841 1141 906 habuerunt

121 931 156 992 in
160 933 349 1032 potestate,
371 930 568 1014 paucissimi,
592 931 648 1031 qui
667 953 707 995 sc.
742 930 820 1014 quid
839 934 887 995 est
909 930 1141 1014 praecipuum?
1161 948 1192 996 11

121 1019 245 1104 erigere
278 1020 420 1083 animum
453 1040 551 1102 supra
582 1020 686 1083 minas
719 1024 751 1083 et
788 1019 948 1121 promissa
983 1020 1142 1098 fortunae,

79 1133 107 1172 ιο
120 1107 206 1172 nihil
224 1107 358 1193 dignum
376 1111 499 1191 putare,
519 1107 606 1190 quod
625 1130 740 1192 speres.
775 1108 853 1190 quid
872 1110 957 1173 onim
977 1107 1141 1193 [dignum]

120 1196 233 1279 habet,
262 1196 349 1280 quod
373 1197 602 1280 concupiscas?
648 1199 704 1280 qui
728 1220 746 1261 a
770 1198 952 1261 divinorum
976 1219 1141 1262 conversa·

121 1287 211 1350 tione
229 1287 378 1368 quotiens
397 1285 437 1349 ad
455 1285 596 1350 humana
613 1286 772 1369 recideris,
790 1308 856 1350 non
875 1288 968 1350 aliter
986 1287 1140 1371 caligabis

123 1397 220 1458 quam
246 1396 383 1458 quorum
407 1375 493 1438 oculi
516 1375 704 1440 indensem
728 1376 875 1439 umbram
899 1398 938 1440 ex
963 1377 1049 1440 claro
1073 1377 1141 1440 sole

120 1463 291 1528 redienmt.
340 1464 419 1547 quid
448 1467 497 1527 est
525 1464 757 1547 praecipuum?
801 1486 896 1548 posse
923 1466 1008 1530 laeto
1032 1465 1139 1528 animo
1161 1481 1193 1529 ιι

80 1577 107 1616 15
121 1552 254 1617 adversa
282 1553 432 1637 tolerare3
463 1553 617 1636 quicquid
647 1552 812 1635 acciderit,
843 1554 890 1618 sic
921 1553 1018 1636 ferre,
1049 1555 1140 1636 quasi

120 1643 183 1706 tibi
205 1643 346 1706 volueris
370 1641 512 1706 accidere
541 1641 719 1726 (debuisses
743 1643 828 1706 enim
851 1643 947 1724 velle,
975 1643 1004 1705 si
1027 1644 1140 1706 scisses

121 1731 231 1794 omnia
254 1753 294 1796 ex
318 1731 444 1796 decreto
469 1731 519 1795 dei
542 1731 626 1795 fieri:
654 1731 743 1813 flere,
773 1733 864 1814 queri
887 1735 920 1795 et
943 1753 1069 1816 gemere
1090 1731 1140 1796 de·

121 1820 258 1885 sciscere
290 1817 361 1905 est.)
409 1819 486 1902 quid
518 1824 567 1884 est
596 1819 827 1904 praecipuum?
873 1821 999 1885 animus
1027 1824 1139 1883 contra
1161 1837 1192 1884 13

122 1910 286 1973 calamitat
288 1932 321 1974 es
272 1909 494 1973 tfortiset
518 1912 703 1986 contumax,
731 1910 876 1973 luxuriae
899 1932 965 1974 non
988 1908 1138 1973 adversus

78 2024 106 2062 ao
119 2001 248 2062 tantum
267 1998 323 2063 sed
341 1998 485 2081 infestus,
503 2019 562 2062 nec
585 1998 696 2062 avidus
719 1999 855 2082 periculi
873 2019 933 2064 nec
955 1999 1063 2083 fugax,
1083 1999 1140 2081 qui

121 2088 204 2152 sciat
230 2088 394 2151 fortunam
424 2108 490 2150 non
521 2091 689 2170 expectare
714 2087 770 2151 sed
799 2088 903 2153 facere
934 2091 966 2151 et
989 2087 1139 2152 adversus

120 2180 294 2259 utramque
323 2176 502 2260 intrepidus
533 2177 786 2258 inconfususque
809 2177 946 2260 prodire,
968 2198 1028 2240 nec
1052 2177 1139 2240 illius

121 2266 265 2329 tumultu
288 2287 347 2330 nec
376 2263 473 2329 huius
503 2265 631 2350 fulgore
653 2288 832 2349 percussus.
879 2265 957 2348 quid
980 2269 1028 2330 est
1051 2287 1140 2349 prae
1160 2284 1192 2332 14

121 2354 276 2438 cipuum?
311 2377 378 2418 non
396 2353 564 2418 admittere
588 2356 622 2417 in
643 2356 749 2418 animo
769 2355 854 2418 mala
877 2355 1020 2437 consilia,
1042 2377 1139 2439 puras

78 2471 105 2509 aa
122 2444 163 2506 ad
187 2444 310 2509 caelum
334 2465 448 2507 manus
471 2444 594 2525 tollere,
617 2445 743 2508 nullum
766 2444 888 2507 bonum
911 2447 1029 2527 petere,
1052 2443 1140 2525 quod

121 2537 159 2595 ut
183 2532 223 2595 ad
250 2537 283 2598 ιθ
306 2535 456 2616 transeat,
479 2533 596 2616 aliquis
621 2533 695 2597 dare
719 2533 813 2597 debet
841 2533 959 2614 aliquis
983 2533 1139 2614 amittere,

192 2820 206 2866 1
221 2829 273 2868 sua
286 2817 343 2870 nat.
358 2815 417 2870 coll.
433 2816 454 2868 λ
472 2816 482 2884 ΙΙ
499 2820 516 2868 11
531 2815 561 2868 in
574 2813 658 2868 rebus
673 2814 822 2885 dmm]
837 2815 922 2868 rebus
937 2816 970 2868 Φ
987 2816 1028 2884 114
1043 2813 1140 2868 littore

120 2887 191 2940 trad.
224 2889 228 2954 Ι
256 2885 350 2940 fixisse
368 2886 432 2957 nec]
460 2886 587 2955 posuisse
606 2903 662 2940 non
680 2888 742 2954 (nac
761 2888 788 2954 ε)
807 2889 831 2938 Δ
860 2889 863 2954 l
891 2885 929 2938 ad
947 2886 984 2941 in.
1004 2887 1037 2956 t]
1062 2887 1082 2938 t.
1103 2887 1139 2939 ad

120 2957 239 3011 iniurias
259 2957 378 3012 aliorum
397 2961 422 3012 Δ
441 2959 450 3027 ss
468 2962 485 3010 t
504 2973 609 3012 oceano
627 2959 738 3029 HJKz]
763 2973 884 3011 occeano
906 2960 909 3026 Ι
930 2957 1023 3028 omne]
1045 2956 1140 3011 omnia

120 3033 174 3081 1111
192 3031 202 3098 t
220 3034 237 3083 θ
255 3046 282 3097 q.
302 3028 381 3083 nulla
398 3046 435 3084 m.
449 3028 516 3084 uict.
532 3032 575 3084 est
588 3030 647 3084 coll.
662 3032 687 3082 Δ
706 3030 744 3098 ut
760 3047 786 3096 q.
801 3028 885 3082 urbes
904 3046 930 3095 q.
945 3027 1065 3097 populos
1078 3029 1139 3083 coll.

121 3102 174 3169 ΔΙΙ
191 3105 224 3153 10
238 3100 410 3172 dignum]d.
425 3099 507 3154 illam
520 3099 625 3154 habere
638 3106 684 3152 ΕΤ
703 3101 729 3154 d
744 3099 849 3153 habere
862 3098 944 3153 illum
958 3104 985 3150 11
1002 3103 1005 3167 Ι
1022 3099 1140 3183 dignum

120 3188 170 3225 om.
186 3171 330 3226 lecatscle
354 3173 363 3241 ΙΙ
387 3177 415 3224 11
434 3170 532 3254 habet]
551 3189 601 3227 om.
617 3171 671 3223 ΡΤ
696 3170 783 3224 habes
803 3176 820 3223 z
842 3174 846 3238 Ι
866 3171 915 3239 qui
935 3186 952 3223 a
970 3172 1052 3253 1111]
1071 3172 1139 3240 quia

122 3244 155 3295 Φ
180 3243 248 3310 quia
267 3245 322 3297 ιΔ
342 3244 400 3312 11111
419 3243 468 3314 ad]
487 3243 555 3298 ind
572 3245 581 3312 ΙΙ
600 3248 631 3295 16
649 3241 703 3296 tibi
722 3241 778 3296 uol.
798 3242 860 3312 Δ1“]
885 3241 940 3296 uol.
960 3241 1015 3295 tibi
1033 3244 1042 3310 11
1060 3247 1090 3294 17
1111 3244 1140 3295 θι

121 3314 449 3439 gemerepuingemerc
446 3316 470 3368 Δ
503 3317 512 3383 ΙΙ
543 3320 579 3367 80
606 3314 666 3384 sed]
701 3314 751 3368 sed
783 3315 813 3367 θι
840 3314 954 3395 tamt)
990 3315 993 3381 Ι
1027 3313 1138 3381 qui-

120 3390 156 3438 22
174 3402 225 3455 pro
272 3386 299 3457 θ]
324 3386 540 3454 prosperitatem
563 3388 715 3455 expectans
741 3384 791 3438 sed
815 3384 956 3452 utrimque
981 3383 1138 3453 intrepidus

122 3460 161 3524 (et
187 3460 215 3528 ε)
246 3456 410 3511 inconfusus
438 3459 503 3527 (que
530 3459 564 3526 Δ)
590 3460 616 3511 Δ
648 3458 657 3526 l
688 3461 724 3509 85
751 3454 882 3580 ιοΙΙιιθὲ
896 3454 1029 3509 extollere
1056 3461 1103 3506 ΕΤ
1129 3458 1146 3520 t

121 3533 157 3581 2ss
171 3527 256 3582 al-
223 3528 414 3601 -amittcreJ
428 3545 479 3585 om
495 3527 569 3585 Bal
584 3527 678 3602 possit
692 3528 774 3598 taxe
785 3527 857 3596 alt
892 3525 935 3579 el
948 3541 1005 3579 oro
1017 3527 1127 3588 mm
1138 3525 1164 3567 Δ
