2408 3832
492 129 699 186 PRAEFATIO
1054 131 1107 186 VII

79 275 177 365 ²100),
200 286 361 359 postquam
383 281 494 342 Koeler
515 302 545 358 p.
566 284 640 357 230,
655 283 728 357 248,
744 284 807 342 251
820 301 884 358 sqq.
908 282 1106 358 suspicionem

84 373 187 432 movit
233 391 323 448 quem
345 373 465 431 secutus
485 371 584 432 Haase
607 372 743 432 codicum
761 371 948 447 quorundam
971 373 1106 432 ordinem

82 464 195 520 mirum
222 451 365 543 (eumque
392 461 456 520 sine
484 459 575 519 dubio
602 453 754 539 spurium)
783 463 881 536 operis
909 463 1025 522 auctori
1055 462 1105 521 cb

81 551 203 610 trudere
225 569 286 610 non
305 549 464 610 dubitarit
501 551 594 609 ceteri
615 552 779 628 genuinum
802 551 950 626 paulatim
971 551 1017 609 ita
1039 569 1104 609 eru-

81 642 181 714 erunt,
203 642 238 698 ut
260 639 466 715 unusquisque
494 638 718 699 observationes
746 657 806 698 non
834 638 1014 716 spernendas
1036 658 1104 716 pro·

80 730 184 804 ferret,
202 731 305 788 tamen
324 727 452 787 Senecae
475 728 633 788 eonsilium
656 746 724 787 cum
746 728 883 788 ccdmum
900 728 1004 788 ordine
1027 729 1105 788 alius

82 819 145 878 alia
167 819 285 876 ratione
309 815 453 877 confudit.
494 836 571 878 unus
593 818 656 877 fere
680 815 894 877 Gundermann
915 817 991 876 duas
1013 820 1105 878 series

80 924 205 983 prorsus
233 906 425 966 secernendus
452 924 516 966 csse
544 906 634 981 vidit,
662 905 715 966 sed
741 926 779 966 ne
805 906 854 966 hic
878 906 997 982 quidem
1025 906 1104 966 ccdi-

83 1014 152 1055 cum
177 995 451 1071 manuscriptorum
477 995 652 1055 memoriam
679 995 754 1055 adeo
781 998 922 1071 semovit,
949 999 984 1055 ut
1011 996 1104 1056 solius

82 1084 214 1145 auctoris
246 1084 374 1162 vestigia
410 1085 561 1145 imoentus
594 1103 725 1160 quonam
754 1085 807 1143 ille
834 1084 938 1145 ordine
970 1085 1104 1162 singulos

81 1173 200 1233 libellos
231 1175 454 1250 conscripsisset
482 1177 647 1250 quaereret
697 1175 832 1232 attamen
863 1173 943 1233 hunc
973 1193 1021 1233 me
1054 1173 1103 1233 de

80 1265 192 1322 texisse
214 1266 299 1322 ratus
322 1266 499 1340 argumenta
521 1266 664 1339 repetam

78 1375 81 1378 ⁴
150 1351 257 1411 Totius
280 1353 378 1428 operis
401 1352 619 1427 praefationem
642 1370 795 1428 superesse
817 1371 943 1428 eamque
965 1351 1043 1411 libro
1057 1351 1104 1411 ΠΙ

80 1439 246 1517 praefixam
264 1441 345 1499 tradi
362 1459 441 1500 nunc
455 1444 582 1517 constat,
599 1443 742 1518 quoniam
760 1440 903 1501 Senecam
920 1443 953 1500 in
968 1439 1008 1516 ἐξ
1025 1444 1102 1500 1-4

81 1529 119 1588 de
142 1548 197 1588 sua
219 1548 347 1606 persona
369 1531 553 1606 consilioque
576 1531 675 1607 operis
693 1531 738 1588 ita
756 1530 839 1606 loqui
857 1530 942 1591 Diels
965 1529 1102 1590 observa·

80 1621 136 1694 vit,
158 1618 263 1679 uthis
285 1619 488 1679 fundamentis
510 1620 656 1695 ponendis
679 1619 778 1680 nullas
800 1622 902 1695 partes
926 1622 1016 1679 antea
1035 1618 1102 1678 sub·

79 1711 212 1768 structas
235 1727 298 1768 esse
321 1710 386 1783 ipse
409 1708 588 1784 profiteatur
611 1706 710 1789 (Stud.
724 1707 741 1767 I
756 1701 843 1789 123).

149 1795 266 1856 Deinde
279 1799 413 1873 ipsorum
426 1796 598 1856 libellorum
611 1800 701 1857 series
717 1798 762 1856 ita
776 1799 977 1871 continuatum,
990 1799 1026 1856 ut
1038 1797 1104 1857 bini

80 1903 201 1962 semper
226 1885 306 1945 inter
333 1904 364 1946 se
391 1887 549 1946 cohaerere
576 1887 749 1962 rideantur3
772 1890 863 1962 atque
885 1886 978 1946 semel
999 1887 1102 1946 vincu-

80 1976 145 2034 lum
171 1974 356 2035 artissimum
383 1980 513 2050 exstare,
540 1979 587 2034 ter
613 1975 705 2052 paulo
732 1976 829 2035 lanius
857 1994 1001 2051 apparere
1034 1994 1102 2034 cum

79 2153 155 2214 hacc
177 2153 263 2214 nobis
287 2156 431 2229 quattuor
452 2154 598 2214 librorum
621 2156 706 2230 paria
729 2172 761 2214 se
783 2153 924 2213 offerunt:

81 2249 85 2255 ’
228 2252 956 2342 IlIIVclIVb··HlV··VIlVlI··L

79 2368 162 2443 ipsos
184 2368 276 2427 velim
303 2368 384 2427 locos
412 2369 561 2428 conferas:
592 2367 692 2442 1111,
713 2371 732 2427 2
756 2368 861 2427 Nilum
882 2370 1000 2426 iutuim
1021 2385 1102 2442 sepc-

78 2474 184 2515 uemus
207 2475 228 2516 a
250 2458 337 2515 turbo
355 2460 498 2530 propriae
515 2461 641 2517 naturae
661 2475 698 2516 ac
715 2459 877 2531 simulans
900 2461 927 2515 d
946 2458 992 2515 uu
1014 2475 1102 2515 surum

79 2547 158 2604 diem
171 2547 347 2620 dabimus;
366 2544 413 2604 ΠΙ
429 2547 513 2618 26,1
531 2551 639 2606 acute
652 2548 798 2620 quaedum
812 2549 938 2618 tlurruuu
956 2549 1101 2620 oupeutur

78 2639 114 2692 ut
135 2633 235 2703 Nilus,
259 2637 343 2693 curius
365 2635 461 2693 alius
478 2638 555 2694 ruu'o
573 2637 748 2695 reddetur.
789 2634 857 2693 IVa
874 2639 934 2710 1,1
960 2652 1102 2708 quaeram

80 2725 159 2781 euim
186 2728 278 2782 tecum
304 2725 349 2792 id,
377 2725 454 2796 quod
481 2727 667 2798 superiore
694 2725 785 2782 libro
813 2725 927 2792 distuli,
960 2725 1031 2797 quid
1057 2726 1101 2783 iio

78 2812 171 2870 Nilus
200 2815 320 2871 aestiuis
347 2815 496 2872 mensibus
526 2815 659 2872 ubuudet.
705 2813 843 2885 1130,4
875 2818 916 2872 est
945 2815 1033 2881 euim,
1064 2816 1103 2870 ut

79 2902 251 2970 diximus,
274 2903 365 2960 uubes
387 2904 546 2975 spissitudo
570 2906 649 2960 ac‘ris
672 2905 777 2974 crussi3
802 2902 874 2961 haee
893 2921 952 2977 quo
974 2902 1101 2961 referret

80 2988 191 3049 Koeler
213 3010 242 3066 p.
260 2992 321 3050 251
346 3010 407 3050 non
429 2991 545 3066 habuit,
570 2992 667 3051 Allers
683 2990 791 3050 Haasii
809 2995 839 3050 et
857 2991 980 3050 Dielesii
999 2989 1098 3050 obser·

79 3078 254 3139 rationibus
284 3098 355 3139 usus
377 3084 458 3139 reete
481 3079 519 3138 ab
546 3081 635 3140 initio
658 3080 728 3139 libri
751 3080 821 3140 IVb
843 3099 923 3139 nunc
945 3078 1099 3155 deperdito

79 3167 225 3244 repetivit
248 3160 347 3249 (Stud
362 3168 379 3227 I
394 3161 511 3250 112).¹)
530 3169 559 3226 V
575 3173 626 3245 14,
641 3171 661 3228 4
680 3171 731 3228 sed
748 3171 820 3228 hoec
837 3169 1003 3242 ddipeutius
1016 3185 1100 3241 per-

78 3273 225 3330 sequor,
249 3275 315 3317 curu
333 3275 474 3330 quaerum
498 3260 680 3317 domatibus
702 3264 805 3326 terrae,
830 3276 868 3316 se.
891 3258 924 3315 in
945 3256 1023 3314 libro
1047 3255 1099 3314 VI.

145 3427 290 3552 ‘QtAdde
304 3428 380 3496 quod
389 3427 416 3482 Π
426 3433 460 3482 36
474 3431 564 3498 cupite
577 3431 674 3484 uiuae
687 3443 777 3498 oquae
790 3428 902 3481 exorari
916 3424 1027 3478 8.de
1035 3429 1108 3487 cau.

78 3512 181 3567 respuor
197 3542 203 3553 .
