2408 3832
483 150 689 206 PRAEFATIO
1060 149 1098 204 XI

79 351 83 361 .
145 303 272 363 Restant
293 264 367 379 ipsa
387 302 527 363 sublimia
550 304 582 361 in
604 303 703 363 medio
728 303 837 378 posita,
861 321 988 379 quorum
1011 302 1098 360 binos

78 392 171 453 libros
200 393 312 452 artiore
336 392 466 468 quodam
489 393 608 452 vinculo
633 410 758 452 conexos
785 395 876 468 atque
905 390 1015 450 librum
1029 389 1097 449 IVb

31 502 37 512 ·
78 486 149 545 unte
170 481 212 556 H,
237 481 264 538 V
286 484 356 541 anto
374 481 418 539 VI
441 483 568 556 scriptos
592 499 654 541 esse
677 481 815 540 vidimus.
862 500 940 552 mmo
963 480 1099 540 ordinem

79 571 210 631 Senecae
233 569 300 628 IVb
318 570 363 645 H,
386 570 415 627 V
433 570 477 628 VI
500 571 601 644 fuisse,
624 590 684 629 non
707 571 736 628 V
754 570 807 644 VI,
830 569 897 628 IVb
916 569 947 627 II
969 569 1098 646 proban·

77 661 149 720 dum
164 660 230 719 erit
266 662 356 736 atque
371 678 465 735 aquas
480 661 621 720 caelestes
639 660 711 719 libri
724 659 792 718 IVb
807 661 893 735 aquis
907 659 1098 718 terrestribus

75 753 109 810 in
133 749 181 808 HI
203 748 272 806 IVa
298 750 437 808 tacetis
465 751 618 825 oppositas
647 767 709 808 esse
732 769 761 824 p.
783 749 810 806 X
839 748 947 824 patuit.
992 750 1098 807 ventos

77 858 147 898 oum
168 838 216 897 his
240 839 397 898 cohaerere
418 857 505 897 nemo
529 838 645 897 censuit
670 858 766 914 neque
789 840 853 914 ipse
878 837 989 896 Seneca
1012 855 1098 911 prae-

78 927 191 988 fatione
210 927 344 1003 quadam
366 946 437 986 usus
456 928 506 986 vel
528 927 711 1005 digressione
729 927 880 1003 professus
899 930 957 985 est:
980 926 1057 985 liber
1070 925 1098 982 V

81 1016 117 1075 de
139 1018 237 1076 ventis
265 1017 448 1092 conscriptus
475 1017 662 1091 praefatione
689 1034 812 1092 prorsus
841 1019 922 1074 caret
945 1018 976 1074 et
998 1033 1098 1074 carere

78 1106 192 1182 potuit,
225 1107 297 1182 qnia
329 1108 392 1164 atri
424 1109 454 1164 et
486 1104 661 1164 fulminibus
698 1108 767 1180 apte
800 1106 883 1164 venti
915 1107 1097 1164 asseruntur.

77 1195 182 1271 itaque
199 1193 277 1253 libro
290 1194 323 1253 H
340 1197 504 1270 praemisso
518 1186 570 1275 (cf.
588 1200 616 1268 1,
632 1187 666 1276 3)
686 1214 704 1252 a
718 1194 816 1253 verbis
829 1199 931 1252 uentus
946 1198 988 1252 est
1005 1197 1099 1265 (luens

77 1291 132 1344 ae'r
150 1285 262 1359 optime
281 1286 388 1361 incipit
407 1284 524 1357 V1,1.
556 1284 614 1342 toti
632 1303 704 1342 vcro
723 1283 896 1343 sublimium
914 1285 996 1358 parti
1013 1302 1098 1358 prae-

78 1375 156 1432 fatio
174 1372 275 1433 deesse
300 1392 359 1432 non
384 1373 493 1449 potuit,
519 1391 616 1448 neque
642 1392 708 1431 eam
734 1375 822 1431 initio
845 1372 916 1431 libri
934 1370 1001 1430 IVb
1020 1389 1099 1430 nunc

78 1463 180 1522 manci
203 1462 334 1522 defuisse
357 1464 421 1521 veri
444 1466 489 1521 est
507 1462 694 1520 simillimum
712 1453 933 1542 (etudine,
957 1461 993 1520 cf.
1012 1452 1099 1542 114).

78 1551 186 1611 deinde
209 1551 301 1610 verba
327 1553 378 1609 sed
400 1552 470 1609 llaec
493 1551 571 1610 alios
598 1550 631 1608 H
646 1554 714 1625 7,2
738 1551 777 1609 ad
801 1551 965 1609 doctrinam
992 1549 1100 1609 Demo-

78 1639 150 1699 criti
178 1640 206 1697 V
222 1643 295 1716 2sq.
323 1640 541 1716 reprobandam
569 1644 703 1715 spectare
732 1640 883 1714 videntur,
912 1639 970 1696 nisi
998 1658 1033 1697 ea
1061 1638 1100 1696 ad

79 1729 231 1790 Stratonis
254 1729 367 1805 placita
390 1732 495 1805 postea
513 1729 558 1787 VI
574 1729 624 1803 13,
640 1731 657 1786 2
679 1729 856 1788 adumbrata
875 1729 984 1788 referre
1003 1729 1099 1786 mavis

80 1811 180 1900 (Stud.
199 1818 215 1876 I
236 1810 440 1900 116-118):
470 1821 575 1877 neuter
604 1821 684 1876 enim
713 1819 795 1878 locus
826 1821 895 1876 ante
927 1817 998 1875 117
1031 1835 1099 1876 con·

79 1910 210 1984 scriptus
239 1911 292 1966 est.
337 1908 425 1966 huius
454 1908 566 1966 ordinis
594 1909 805 1984 gravissimum
831 1907 976 1967 indicium
1004 1906 1100 1965 adhuc

78 1998 250 2074 neglectum
268 1997 312 2054 VI
328 1999 412 2070 19‚2
437 1999 544 2070 exstat,
565 1997 617 2055 ubi
644 2016 716 2055 voce
743 1996 874 2055 humana
897 1999 929 2054 in
952 1995 1032 2053 dolio
1055 2014 1099 2054 re-

80 2089 206 2146 sonante
234 2088 419 2161 pertractata
446 2085 566 2144 additur
596 2078 663 2167 (cer
690 2079 775 2166 adro)
807 2088 901 2160 opilat
928 2102 988 2143 con
1016 2084 1101 2142 aliter

80 2193 171 2249 quom
193 2175 256 2244 iila,
279 2177 315 2234 dc
337 2176 442 2248 quibus
459 2177 571 2249 paulo
599 2180 679 2234 aute
706 2176 845 2243 rettuli,
873 2177 980 2233 iconio
1007 2175 1100 2232 indito

79 2266 207 2324 clariore
228 2269 401 2323 succorum:
424 2263 460 2322 de
479 2265 525 2323 his
546 2264 657 2323 Seneca
676 2283 771 2339 neque
790 2265 822 2321 in
843 2263 920 2322 libro
939 2262 984 2320 VI
1002 2281 1100 2339 neque

79 2355 113 2412 in
136 2353 166 2411 V
188 2353 240 2412 sed
262 2353 351 2412 1129
377 2346 427 2433 (cf.
445 2356 496 2427 27,
511 2356 540 2411 4.
561 2355 655 2427 28,1.
677 2354 706 2427 6,
722 2345 755 2432 5)
775 2356 886 2430 egerat,
905 2370 972 2411 cum
991 2351 1100 2410 Metro·

81 2442 148 2501 dori
172 2440 239 2500 chii
262 2443 463 2518 similiumque
491 2446 648 2502 auctorum
675 2442 711 2501 de
734 2443 875 2500 tonitruis
899 2440 1012 2516 placita
1034 2440 1100 2498 red·

81 2531 181 2591 debat.

79 2697 83 2702 Ι
148 2620 256 2696 Itaque
280 2639 339 2679 uno
362 2623 465 2680 tenore
483 2620 576 2679 libros
590 2621 621 2678 H
637 2620 665 2677 V
679 2620 723 2678 VI
741 2619 860 2679 videtur
883 2619 1101 2693 conscripsisse,

81 2712 243 2786 postquam
266 2709 505 2769 dissertationem
529 2709 564 2768 de
589 2709 674 2785 aquis
694 2709 869 2769 caelestibus
889 2699 986 2788 (IVb)
1005 2709 1101 2784 magis

82 2802 218 2858 auctores
247 2817 315 2858 suos
343 2818 432 2875 quam
461 2803 598 2874 apertum
630 2799 788 2857 consilium
815 2801 934 2858 secutus
963 2796 1101 2869 absolvit,

83 2882 169 2968 (nam
192 2888 228 2946 de
250 2887 425 2947 fulminibus
449 2891 518 2963 post
540 2889 717 2965 grandinem
736 2890 873 2946 acturum
892 2905 923 2945 se
942 2904 1005 2945 esse
1024 2904 1099 2963 nego

83 2996 153 3035 eum
181 2979 364 3053 promisisse,
394 2978 431 3036 cf.
459 2971 561 3058 infra).
607 2978 664 3036 hac
691 2977 728 3036 de
755 2995 846 3036 causa
874 2976 1101 3050 dispositionem

82 3068 179 3126 totius
202 3069 345 3126 materiae
363 3066 395 3124 H
411 3071 439 3140 1,
456 3071 527 3142 lsq.
565 3066 765 3138 adumbravit,
784 3066 867 3124 cuius
885 3064 1000 3123 mediae
1019 3064 1102 3138 parti

81 3155 187 3215 cubile
208 3156 315 3215 imbres
336 3158 418 3214 nives
440 3150 672 3234 <tenaciores
694 3159 789 3214 motus
805 3151 949 3231 fulsura>
973 3156 1102 3211 tondum

83 3262 280 3318 peractumque
310 3251 362 3303 adr
388 3246 462 3317 fucit
487 3247 637 3319 patiturve
669 3245 836 3320 adscripsit.
886 3243 1029 3300 nimirum
1058 3242 1101 3299 sio

82 3333 145 3392 fere
168 3332 327 3392 verborum
350 3337 520 3393 contextum
543 3333 742 3410 supplendum
764 3352 836 3409 esse,
865 3335 923 3390 etsi
951 3331 1023 3390 olim
1046 3330 1100 3387 du-

82 3411 150 3482 bius
174 3422 332 3481 haerebam
351 3413 451 3503 (Stud.
469 3422 486 3480 I
505 3415 591 3504 116),
614 3440 693 3482 nunc
715 3421 828 3481 Haasio
852 3420 989 3480 concedo.
1025 3418 1103 3477 hanc

84 3513 163 3570 enim
191 3513 455 3588 enumerationem,
485 3530 544 3572 non
576 3514 659 3590 ipsos
688 3510 804 3588 libros,
828 3512 977 3586 spectans.
1001 3506 1128 3562 amice&
