2408 3832
100 159 166 223 230
420 158 450 212 a.
470 157 612 211 ANNAEI
630 156 796 212 saracin

101 327 239 389 quorum
263 306 344 368 mira
367 308 404 368 ut
428 326 468 368 ex
490 305 560 368 toto
585 304 633 367 vis
657 307 719 367 est:
744 305 892 387 quamvis
916 304 1002 368 enim
1026 307 1122 387 parte

65 412 81 460 3
101 395 231 477 saeviat,
253 393 366 457 muudi
389 398 496 456 tamen
521 391 645 456 viribus
669 393 778 456 saevit.
817 394 863 456 sic
887 397 919 457 et
941 392 1122 477 Hispanias

101 507 119 547 a
142 487 294 548 contextu
313 481 442 547 Africae
467 504 554 545 mare
567 481 706 565 eripuit,
730 483 776 546 sic
798 504 856 566 per
878 483 962 546 hanc
984 481 1122 546 inunda-

100 573 231 655 tionem,
261 594 358 655 quam
388 575 557 654 poetarum
587 571 721 635 maximi
751 571 921 654 celebrant,
953 572 993 635 ab
1024 569 1122 635 ltalia

102 660 212 727 Sicilia
225 665 346 726 resecta
361 664 418 724 est.
441 660 606 743 aliquanto
622 664 730 738 autem
744 661 817 743 plus
832 660 974 743 impetus
988 660 1123 743 habent,
1150 689 1161 726 a

101 772 182 834 quae
204 773 243 814 ex
266 751 378 814 infimo
397 751 544 814 veniunt:
568 750 690 814 acriora
713 749 799 812 enim
823 753 907 833 sunt,
930 748 1051 833 quibus
1074 751 1123 813 ni·

65 857 80 902 4
102 863 155 904 sus
174 847 223 904 est
240 862 298 923 per
317 843 461 924 angusta.
495 841 631 921 quantas
649 861 700 902 res
722 838 758 902 hi
780 842 939 902 terrarum
962 842 1122 903 tremores

102 923 262 1013 quamque
291 931 373 992 mira
403 927 585 1012 spectacula
609 926 776 1009 ediderint,
808 928 886 992 satis
911 928 1034 992 dictum
1059 932 1122 992 est:

102 1040 158 1100 cur
177 1039 253 1104 ergo
273 1017 390 1102 aliquis
409 1017 449 1081 ad
467 1018 529 1080 hcc
547 1020 665 1099 stupet,
689 1017 776 1099 quod
799 1039 852 1080 aes
871 1017 966 1080 unius
986 1021 1123 1101 statuae,

101 1130 141 1172 ne
165 1107 304 1172 solidum
324 1107 452 1190 quidem
477 1105 532 1170 sed
556 1127 730 1169 concavum
755 1127 791 1170 ac
813 1110 919 1188 tenue,
938 1106 1123 1191 disruptum
1139 1133 1165 1172 a

102 1200 163 1280 est,
187 1218 260 1260 cum
288 1195 425 1260 fortasse
448 1197 482 1259 in
510 1194 592 1259 illud
615 1216 648 1259 se
672 1195 805 1278 spiritus
829 1217 984 1278 quaerens
1007 1196 1123 1281 fugam

101 1285 289 1351 incluserit?
327 1285 407 1348 illud
435 1306 512 1349 vero
543 1284 615 1367 quis
645 1284 769 1347 nescit?
807 1283 944 1348 diductis
975 1283 1124 1349 aedificia

102 1375 228 1459 angulis
249 1373 388 1438 vidimus
412 1373 535 1438 moveri
558 1375 740 1457 iterumque
763 1374 922 1457 componi.
961 1374 1124 1457 quaedam

100 1485 177 1527 vero
201 1485 316 1546 parum
339 1466 448 1546 aptata
472 1463 581 1546 positu
605 1484 663 1525 suo
687 1466 719 1525 et
738 1484 757 1524 a
775 1461 876 1525 fabris
895 1463 1125 1548 neglegentius

102 1551 304 1636 solutiusque
319 1553 497 1636 composita
515 1556 618 1614 terrae
633 1555 741 1615 motus
757 1551 884 1634 saepius
899 1553 1022 1636 agitata
1036 1573 1125 1616 eom·
1142 1579 1166 1618 is

67 1642 198 1727 spagit.
235 1641 321 1725 quod
345 1642 372 1704 si
396 1644 483 1721 totos
506 1641 644 1725 parietes
668 1645 700 1705 et
723 1644 809 1704 totas
832 1641 927 1704 findit
951 1641 1065 1705 domos
1090 1646 1124 1706 et

101 1731 202 1795 latera
224 1753 414 1816 magnarum
437 1730 587 1812 turrium,
611 1731 757 1813 quamvis
780 1729 882 1794 solida
905 1730 979 1812 sint,
1003 1731 1126 1795 scindit

102 1824 134 1883 et
152 1820 235 1903 pilas
255 1820 405 1903 operibus
425 1818 570 1883 subditas
590 1819 737 1903 dissipat:
757 1819 834 1903 quid
854 1821 903 1882 est
919 1841 1019 1902 quare
1035 1821 1125 1903 quis-

103 1931 198 1993 quam
230 1908 363 1994 dignum
395 1908 541 1971 adnotari
569 1911 676 1991 putet,
707 1911 827 1972 sectam
851 1929 920 1972 esse
944 1908 1126 1991 aequaliter

103 1998 142 2062 ab
166 1999 232 2062 imo
256 1997 297 2061 ad
321 2001 417 2082 caput
440 1998 475 2061 in
497 2001 604 2080 partes
629 1996 706 2061 duas
731 1997 891 2060 statuam?
1138 2022 1163 2060 a

68 2106 81 2152 1
169 2087 221 2151 31.
245 2085 350 2163 Quare
374 2090 481 2151 tamen
504 2107 561 2170 per
584 2087 692 2168 plures
712 2087 779 2149 dies
804 2090 911 2150 motus
935 2086 1020 2150 fuit?
1056 2109 1124 2152 non

103 2176 198 2240 desiit
220 2176 306 2240 enim
330 2175 455 2240 assidue
479 2179 614 2239 tremere
634 2174 818 2259 Campania,
842 2176 1031 2240 clementius
1053 2177 1122 2260 qui-

103 2266 175 2329 dem
191 2264 246 2328 sed
260 2287 333 2329 cum
353 2264 477 2350 ingenti
497 2264 623 2347 damno,
639 2265 714 2348 quia
729 2286 845 2346 quassa
860 2264 1036 2348 quatiebat,
1052 2268 1121 2349 qui-

102 2355 162 2418 bus
178 2354 217 2418 ad
232 2355 408 2419 cadendum
425 2355 507 2418 male
522 2354 681 2418 stantibus
696 2354 820 2436 <cpus>
832 2377 898 2417 non
913 2358 980 2416 erat
995 2353 1120 2438 impelli

103 2444 157 2507 sed
185 2442 315 2528 agitari:
344 2445 489 2508 nondum
512 2443 661 2507 videlicet
691 2443 823 2525 spiritus
855 2443 959 2507 omnis
991 2444 1119 2525 exierat,
1133 2465 1152 2506 a

103 2532 158 2596 sed
188 2532 291 2595 adhue
322 2533 438 2596 emissa
469 2532 519 2596 sui
549 2536 640 2615 parte
667 2533 788 2595 maiore
812 2531 990 2596 oberrabat.
1038 2533 1120 2596 inter

104 2625 304 2706 argumenta,
329 2622 445 2705 quibus
469 2621 625 2704 probatur
648 2621 764 2704 spiritu
788 2622 851 2684 ista
873 2621 957 2702 fieri,
983 2626 1119 2685 nonest

68 2710 191 2793 equod
210 2710 336 2774 dubites
360 2715 392 2774 et
414 2710 476 2775 hoc
498 2731 630 2793 ponere:
654 2731 727 2773 cum
751 2712 911 2774 maximus
931 2711 1036 2774 editus
1059 2715 1119 2774 tre·

103 2822 174 2863 mor
196 2804 251 2882 est,
275 2821 340 2881 quo
364 2801 397 2863 in
421 2799 516 2863 urbes
536 2803 699 2880 terrasque
719 2800 875 2863 saevitum
896 2805 953 2881 est,
976 2821 1043 2863 non
1065 2822 1119 2883 po·

174 2957 249 3027 lut]
275 2974 325 3011 om.
345 2958 368 3011 δ
396 2959 399 3026 1
427 2958 519 3028 parte]
541 2973 581 3010 ex
598 2974 626 3025 p.
645 2961 667 3008 Ε
685 2958 694 3023 11
720 2961 735 3008 ³
760 2954 873 3010 affricae
898 2958 974 3011 codd.
993 2974 1096 3026 semper
1116 2958 1119 3023 Ι

102 3045 153 3096 per
166 3030 190 3082 d
194 3033 211 3080 J
214 3028 260 3099 ²¹1]
280 3044 330 3081 oar.
348 3031 379 3081 Φ
395 3031 398 3098 1
415 3028 523 3100 inund]
544 3027 660 3082 redund.
676 3030 699 3081 d
718 3029 726 3097 11
745 3033 762 3079 4
777 3027 968 3082 celebrant-
983 3027 1120 3098 diufimo]

103 3116 153 3154 cna
173 3102 194 3153 λ
212 3102 221 3169 11
241 3105 255 3151 5
275 3115 327 3152 res.
349 3099 447 3170 Graia]
467 3101 573 3154 reiecta
591 3101 599 3168 11
618 3105 635 3151 9
654 3114 700 3152 aes
720 3100 781 3169 BH]
802 3116 831 3153 es
850 3106 922 3165 cett,
940 3107 1003 3153 ante
1022 3116 1057 3154 ne
1076 3118 1096 3172 ρ
1113 3102 1121 3168 1

102 3176 133 3224 10
152 3171 199 3254 ne]
219 3187 270 3224 nec
289 3172 312 3225 δ
316 3177 336 3222 'l'
353 3173 356 3240 1
378 3171 443 3224 disr.
464 3171 534 3242 21³²]
555 3170 699 3239 diruptum
718 3171 726 3240 11
745 3176 772 3222 11
791 3171 821 3223 in
839 3170 923 3242 illud]
943 3171 992 3224 illo
1012 3173 1035 3225 d
1055 3174 1058 3240 1
1081 3171 1121 3242 se]

103 3249 167 3297 ante
185 3242 249 3296 mel.
265 3243 288 3296 δ
306 3243 315 3310 11
333 3247 363 3294 17
378 3243 510 3314 turrium]
529 3242 652 3296 trabium
668 3242 691 3295 δ
707 3241 710 3312 1
732 3243 859 3308 quamvis
874 3243 929 3313 Μ]
950 3259 1036 3310 quam
1054 3245 1122 3314 λ1ρ1

103 3331 160 3382 qua
179 3317 206 3367 θ
228 3313 384 3383 qluonia)m
403 3315 426 3368 d
447 3317 449 3383 1
471 3315 539 3385 sint]
559 3316 625 3367 sunt
643 3314 666 3367 d
684 3313 692 3384 11
712 3318 743 3364 19
763 3329 804 3382 eq.
825 3315 892 3367 sect.
913 3329 972 3367 esse
994 3315 1052 3369 coll.
1074 3316 1123 3383 (111

104 3392 138 3440 2⁰
148 3386 255 3457 partes]
265 3402 286 3439 a.
296 3386 344 3439 Lu
356 3387 360 3454 1
373 3384 455 3456 duas]
465 3403 515 3440 om.
525 3404 545 3456 ρ
554 3387 563 3454 11
573 3391 607 3437 22
618 3384 730 3438 clemd
756 3385 766 3455 ]
778 3385 936 3438 dementius
945 3384 1105 3455 ΑἘ1Η11λ
1115 3389 1124 3456 11

104 3463 138 3511 23
149 3459 198 3512 sed
213 3474 277 3511 eum
287 3456 347 3527 δλ]
364 3457 413 3510 sed
423 3459 475 3510 Μ
486 3474 550 3510 cum
562 3463 604 3508 01³
621 3458 624 3522 1
637 3403 754 3526 quassal
767 3473 845 3509 cassa
861 3458 941 3525 (quas
952 3472 1031 3510 cassa
1040 3460 1071 3526 B)
1083 3461 1107 3514 δ
1117 3462 1125 3528 11

105 3535 140 3583 24
155 3547 224 3599 opus
240 3527 303 3582 add.
316 3529 435 3598 Madciq
448 3530 456 3596 11
471 3535 504 3581 27
515 3528 571 3581 ista
581 3531 611 3599 (a.
623 3529 640 3582 l.
651 3527 721 3598 fieri)
737 3527 870 3597 spiritui
885 3529 892 3595 11
908 3533 942 3580 29
956 3528 1062 3599 potest]
1079 3547 1124 3584 so-
