2408 3832
474 179 678 239 palarmo
1023 187 1087 241 XIX

69 338 159 396 bieme
186 354 254 395 cero
279 337 464 410 ‘lepidiorem
484 335 650 395 adscribere
682 339 776 412 potui.
803 340 928 396 tamen
960 338 1091 398 fortuito

67 426 141 484 haec
156 425 325 503 'congruere
355 428 382 485 si
405 426 472 502 quis
503 425 663 500 contendit,
694 426 830 502 equidem
856 446 924 486 eum
951 427 1092 487 refellere·

66 533 197 590 neque03
220 517 318 574 cetera
341 516 420 573 enim
444 515 518 573 alias
541 514 693 574 doctrinas
716 517 838 591 sapiunt
855 512 1011 593 multaque
1032 518 1093 576 ha»

65 624 135 662 rum
158 605 367 680 quaestionum
382 604 502 680 'placita
525 603 817 664 circumferebantur.

133 693 208 752 Iam‘
227 693 353 752 duorum
380 694 567 752 saeculorum
594 695 726 768 spatium
753 694 868 752 nullum
891 694 1092 754 Naturalium.

67 783 282 852 Quaestionum
310 781 515 841 testimonium
541 781 684 858 praebere
711 782 837 841 videtur.
884 785 1019 858 sequitur
1046 785 1085 842 ad

66 872 178 930 calcem
201 871 245 929 IV
263 871 375 929 saeculi
393 871 600 930 Ammianus
624 870 869 946 Marcellinus,
893 872 1084 948 Symmacho-

66 981 134 1018 rum
158 963 188 1018 et
205 959 456 1019 Nicomachorum
480 961 623 1035 aequalis,
647 980 735 1035 quem
754 960 881 1020 Senecae
900 961 936 1020 de
959 962 1090 1022 fulmine

68 1048 235 1108 doctrinam
270 1051 302 1106 in
339 1048 449 1108 Rerum
483 1047 641 1108 Gestarum
677 1048 753 1109 libro
786 1049 888 1109 XXIII
921 1053 1089 1126 exprimere

64 1139 196 1197 voluisse
210 1137 348 1198 Valesius
369 1135 482 1213 optime
506 1139 672 1214 suspicatus
696 1141 748 1197 est.
784 1140 862 1198 hanc
885 1141 1085 1217 suspIcionem

64 1227 204 1302 pluribus
219 1229 410 1304 'argumentis
429 1228 501 1285 fulsi
521 1225 618 1302 (Stud.
634 1227 649 1284 l
665 1230 705 1287 99
718 1220 805 1309 sqq).
843 1247 939 1304 neque
958 1232 1012 1301 est,
1031 1248 1088 1289 cur

64 1311 258 1374 Ammianum
278 1315 378 1392 ipsum
397 1315 525 1375 Senecae
544 1335 619 1393 opus
641 1317 806 1392 inspexisse
824 1336 979 1394 negemus:
1003 1318 1083 1394 quod

65 1405 333 1465 enimTheodorus
347 1406 512 1465 Mommsen
530 1406 665 1479 coniecit,
682 1408 762 1465 inter
780 1406 833 1465 hos
852 1406 927 1466 duos
946 1410 1085 1466 auctores

64 1493 315 1571 chorographiam
333 1515 360 1570 q.
376 1495 403 1552 d.
418 1495 588 1554 Plinianam
606 1496 815 1569 intercessisse,
829 1496 967 1555 refutavi.
991 1497 1082 1555 verba

65 1582 246 1653 Senecaeah
260 1583 421 1644 Ammiano
439 1601 587 1658 nusquam
600 1583 728 1643 fideliter
747 1603 883 1659 expressa
897 1589 968 1644 sunt
986 1605 1082 1662 neque

63 1673 159 1750 igitur
182 1675 322 1748 corrupta
344 1673 414 1731 inde
436 1672 581 1731 medelam
605 1673 764 1748 accipiunt.

131 1760 218 1819 Hanc
236 1769 299 1820 'non
316 1764 527 1837 'exspectamus
556 1761 607 1820 sed
636 1762 736 1837 aliquo
760 1762 847 1821 modo
877 1757 1039 1838 accipimus
1063 1784 1082 1823 a

62 1851 223 1910 Iohanne
241 1849 439 1910 Laurentio
457 1850 570 1926 Lydo,
594 1850 646 1926 qui
670 1869 737 1910 cum
759 1851 852 1911 libros
872 1851 907 1910 de
930 1853 1081 1911 mensibus

62 1940 162 1998 medio
192 1940 253 1998 fere
283 1940 401 2000 saeculo
423 1938 468 1997 VI
490 1957 594 2017 graece
621 1940 826 2015 conscriberet,
855 1942 968 2016 placita
993 1940 1080 2001 Sene·

62 2046 114 2087 cae
142 2027 179 2087 de
205 2028 276 2088 Nilo
309 2021 393 2110 (IVa
412 2020 446 2108 2)
478 2029 620 2104 pleraque
651 2028 729 2088 libro
756 2028 800 2088 IV
827 2030 954 2089 Inseruit
981 2022 1080 2112 (Stud.

61 2116 78 2176 Ι
98 2119 140 2176 94
151 2109 239 2199 sqq).
281 2121 314 2177 at
335 2119 414 2178 hunc
436 2121 553 2176 textum
575 2119 644 2176 Nat.
669 2117 885 2188 Quaestionum
908 2122 1081 2196 corruptum

61 2207 171 2284 legisse
189 2207 257 2265 inde
276 2207 410 2284 probavi,
430 2207 509 2282 quod
527 2207 618 2267 verba
637 2207 710 2265 bene
728 2207 843 2266 tradita
861 2211 934 2267 satis
952 2207 1081 2268 fideliter

61 2297 93 2353 in
110 2308 287 2354 'sermonem
312 2295 459 2355 Graecum
488 2298 652 2371 transtulit,
681 2296 734 2355 ubi
764 2315 817 2356 nos
847 2299 955 2355 menda
978 2298 1079 2373 depre-

61 2384 229 2458 hendimus,
258 2385 322 2462 ipse
352 2385 536 2444 liberrimam
566 2387 789 2444 conversionem
810 2386 941 2463 praehet.
988 2389 1079 2462 atque

61 2473 273 2552 gravissimum
292 2477 337 2533 est
354 2474 504 2533 hominem
523 2473 642 2549 Lydum
660 2493 705 2532 ne'
716 2474 747 2532 id
767 2474 886 2550 quidem
905 2476 1080 2551 repperisse,

61 2563 142 2638 quod
161 2561 234 2622 IVa
253 2563 524 2635 haereditasse
547 2562 620 2620 mihi
645 2562 749 2622 videor
769 2582 821 2622 acc
846 2556 989 2637 Caystrus
1011 2567 1079 2623 aab

59 2646 201 2729 facea<e>
225 2652 337 2721 Tracta,
365 2651 416 2710 ubi
441 2653 590 2711 subiaceat
616 2653 692 2710 molo
714 2653 896 2711 tradebatur.
943 2653 1079 2729 sequitur

58 2741 164 2819 igitur,
186 2744 222 2799 ut
245 2741 385 2799 codices
403 2741 483 2800 Nat.
498 2740 755 2809 Quaestionum
778 2761 884 2801 manu
907 2742 1078 2817 scriptos,

61 2831 122 2905 qui
160 2830 204 2887 ad
240 2830 476 2888 Laurentium
512 2848 648 2905 nosque
684 2835 945 2906 peruenerunt,
983 2830 1076 2907 Sym-

58 2918 177 2977 machi
196 2921 469 2994 ceterorumque
488 2937 607 2978 curam
625 2937 693 2978 non
713 2921 898 2996 accepisse
912 2920 973 2979 sed
987 2940 1077 2979 men·

59 3009 165 3067 dosos
196 3009 423 3067 circumferri
453 3011 488 3066 et
510 3007 667 3067 describi
698 3009 828 3068 solitos
858 3027 934 3068 esse
957 3027 1076 3068 censen-

58 3096 131 3156 dum
163 3096 210 3156 sit.
265 3099 406 3155 nimirum
437 3098 588 3156 nonnullis
620 3097 694 3156 locis
724 3096 802 3157 libro
832 3097 989 3157 Laurentii
1025 3098 1076 3157 ad-

58 3187 134 3247 scito
159 3190 188 3244 et
210 3186 319 3245 menda
336 3185 485 3245 tolluntur
503 3190 534 3266 et
551 3188 738 3245 coniecturae
757 3189 819 3246 sive
837 3187 995 3246 firmantur
1013 3187 1076 3247 sive

57 3276 244 3334 refelluntur.
290 3280 391 3333 tamen
411 3270 520 3334 ¹nescii)
544 3295 582 3333 an
605 3276 749 3334 maiorem
778 3277 908 3335 fructum
931 3275 1033 3351 Lydus
1057 3296 1076 3334 a

58 3363 171 3424 Seneca
194 3363 302 3440 capiat,
326 3365 409 3424 cuius
431 3364 530 3424 verbis
553 3366 734 3439 comparatis
757 3367 962 3440 excerptorum
985 3363 1075 3423 Grae·

58 3464 162 3514 corum
186 3452 405 3512 emendationes
428 3453 541 3529 protuli
564 3444 948 3535 (stud.194),wunseu
970 3456 1088 3525 postea

57 3541 227 3602 simillimas
242 3542 341 3601 edidit.
364 3544 474 3602 summi
489 3561 560 3603 vero
574 3544 728 3604 momenti
739 3546 791 3604 est
804 3539 1113 3620 quodlilerruannus

908 3635 955 3686 *n*
