2408 3832
326 114 461 200 uirus.
481 144 631 211 onnusn
650 144 717 200 ms.
735 144 795 199 vu.
815 150 892 199 7-9.
1055 145 1124 210 243

103 297 196 358 tuose
226 296 317 376 eunt,
346 296 384 356 ut
413 291 529 374 aliquis
553 290 660 355 credat
689 290 763 356 illos
794 293 897 356 causis
927 291 1123 357 turbulentis

104 388 135 447 et
165 381 423 446 inconstantibus
453 380 539 464 pelli.
594 379 707 444 deinde
740 380 866 444 etiamsi
897 382 1034 446 vertices
1066 381 1121 445 isti
1140 397 1167 444 4·-

105 470 375 554 comprehendere
415 474 543 533 terrena
583 469 756 552 umidaque
793 473 825 533 et
860 491 901 534 ex
935 470 1053 534 humili
1089 471 1123 533 in

105 560 208 625 altum
240 560 419 643 exprimere
456 562 601 642 possent,
633 580 699 622 nou
735 561 844 622 tamen
881 582 978 642 supra
1012 559 1122 624 lunam

81 650 266 715 sefferrent:
292 647 397 712 omnis
415 648 481 711 illis
499 669 601 731 usque
620 649 654 711 in
672 647 819 712 nubilum
837 648 886 712 vis
906 651 964 732 est,
982 652 1122 712 cometas

105 743 213 803 eutem
234 738 400 802 immixtos
419 738 522 801 stellis
540 736 686 800 videmus
709 758 767 820 per
786 737 952 820 superiora
968 738 1122 802 labentes.

106 849 183 914 ergo
201 827 271 891 veri
289 827 394 890 simile
411 847 477 889 nou
497 829 545 890 est
564 826 597 888 in
615 828 742 890 tantum
762 827 902 909 spatium
921 848 1123 909 perseverare

105 917 282 998 turbinem,
314 915 370 998 qui
400 935 464 998 quo
500 916 602 978 maior
631 919 681 978 est
710 915 867 979 maturius
898 917 1123 1000 corrumpitur.

107 1005 136 1070 9.
168 1003 369 1070 Utrumlibet
401 1004 510 1087 itaque
540 1004 651 1089 eligat:
683 1008 739 1068 aut
767 1005 848 1068 levis
877 1006 926 1068 vis
955 1007 992 1069 ta
1021 1005 1124 1069 altum
1144 1021 1163 1069 11

71 1119 94 1158 ιο
106 1094 272 1178 pervenire
301 1115 367 1158 non
397 1093 530 1177 poterit,
560 1096 615 1157 aut
645 1114 761 1178 magna
791 1097 823 1157 et
846 1094 1006 1158 concitata
1029 1093 1126 1160 citius

107 1184 178 1267 ipsa
202 1205 234 1246 se
257 1184 392 1267 franget.

173 1270 344 1336 Praeterea
384 1270 573 1335 humiliores
614 1271 663 1334 ilii
704 1276 846 1335 cometae
888 1273 929 1337 ob
971 1273 1034 1337 hoc
1074 1269 1128 1358 (ut

106 1357 215 1447 putat)
249 1382 316 1426 non
351 1364 469 1425 exeunt
503 1361 611 1442 altius,
643 1359 719 1444 quia
750 1361 824 1443 plus
856 1362 974 1425 terreni
1004 1361 1127 1426 habent

107 1447 265 1536 (gravitas
286 1451 360 1515 illos
384 1471 442 1513 sua
460 1450 494 1513 in
512 1449 661 1532 proximo
680 1446 795 1535 tenet):
819 1451 911 1532 atqui
928 1471 1058 1515 necesse
1076 1455 1127 1514 est

69 1567 92 1604 n
108 1541 142 1604 in
177 1539 229 1603 his
264 1538 397 1603 cometis
428 1538 683 1602 diuturnioribus
717 1538 968 1621 celsioribusque
999 1540 1126 1623 plenior

108 1629 243 1693 materia
267 1629 323 1712 sit;
346 1647 450 1710 neque
474 1627 559 1692 enim
579 1626 699 1691 diutius
723 1632 923 1714 apparerent,
946 1630 1008 1692 nisi
1027 1630 1125 1693 maio-

107 1717 197 1782 ribus
221 1716 425 1781 nutrimentis
449 1717 690 1781 sustinerentur.

175 1805 330 1870 Dicebam
355 1805 451 1870 modo
474 1826 541 1869 non
563 1827 658 1888 posse
681 1806 736 1869 diu
758 1807 910 1871 verticem
940 1824 1160 1891 permaneres

107 1917 167 1961 uec
196 1917 293 1979 supra
320 1895 429 1959 lunam
458 1898 514 1958 aut
540 1916 642 1978 usque
670 1896 705 1959 in
727 1895 893 1960 stellarum
915 1896 1020 1959 locum
1046 1918 1126 1962 cres-

66 2011 93 2050 so
108 2006 188 2050 cere.
235 2006 350 2067 nempe
373 1984 475 2048 efficit
501 1984 662 2047 turbinem
685 1985 828 2069 plurium
850 1989 1020 2050 ventorum
1042 1985 1127 2049 inter

108 2075 199 2158 ipsos
226 2073 370 2138 luctatio.
416 2072 496 2137 haec
524 2073 579 2137 diu
606 2095 672 2137 non
701 2077 810 2156 potest
836 2095 918 2138 esse:
951 2097 1025 2138 nam
1053 2095 1125 2138 cum

107 2184 212 2248 vagus
235 2166 267 2226 et
290 2163 431 2227 incertus
461 2162 594 2245 spiritus
618 2162 843 2227 convolutatus
874 2167 931 2242 est,
953 2164 1126 2229 novissime

108 2252 167 2316 uui
190 2251 239 2315 vis
264 2252 408 2316 omnium
433 2251 530 2336 cedit3
558 2251 647 2315 nulla
677 2255 784 2316 autem
812 2255 985 2335 tempestas
1009 2269 1161 2337 magnae

109 2341 263 2425 perdurat
290 2341 464 2423 (procellae
487 2343 609 2422 quanto
636 2342 709 2424 plus
736 2340 858 2404 habent
880 2341 1012 2424 virium,
1035 2345 1126 2406 tanto

66 2456 94 2495 m
110 2429 218 2493 minus
241 2428 410 2513 temporis3
436 2429 525 2494 venti
549 2449 622 2493 cum
646 2430 685 2493 ad
709 2452 869 2494 summum
892 2434 1057 2513 venerunt,
1080 2452 1127 2494 re·

108 2519 299 2602 mittuntur3
318 2518 428 2582 omnic
446 2518 588 2582 violenta
605 2540 734 2583 necesse
752 2521 802 2583 est
820 2518 891 2601 ipsa
911 2520 1126 2584 concitatione

183 2805 199 2852 5
219 2801 353 2870 cometas]
373 2802 429 2854 -tes
448 2801 472 2854 δ
494 2802 503 2869 i
527 2805 542 2852 8
562 2799 622 2870 qui]
646 2816 696 2869 per
714 2800 789 2868 quod
808 2802 832 2855 δ
850 2803 858 2870 ΙΙ
877 2801 1021 2872 vitaque]
1040 2801 1127 2872 igitur

109 2874 134 2927 δ
155 2874 159 2941 Ι
179 2871 230 2940 i(n)
249 2871 339 2925 altum
360 2871 420 2943 Ga]
439 2873 549 2924 tantum
568 2875 589 2922 B
607 2873 704 2924 tamen
724 2874 756 2925 Φ
773 2889 823 2926 om.
840 2876 861 2924 Δ
881 2876 910 2927 et
927 2879 974 2925 Er
992 2873 1050 2926 iam
1069 2873 1126 2926 alte

109 2949 137 3012 z,
151 2945 210 2997 tarn
226 2942 284 2998 alte
295 2945 397 2997 Maret.
412 2960 522 2996 sursum
539 2942 648 3008 Gruter,
662 2959 696 2996 eo
704 2944 824 3009 Fickert,
840 2943 869 2996 in
884 2945 995 2997 tantum
1009 2945 1105 2999 Haase
1118 2947 1126 3013 ΙΙ

110 3021 139 3068 11
151 3013 277 3086 franget]
292 3013 435 3082 frangeret
449 3015 508 3084 (tr)
522 3015 531 3082 ΙΙ
545 3018 575 3066 13
591 3016 674 3083 putat
688 3015 801 3085 Bm]
814 3032 850 3069 sc.
864 3015 1010 3086 Epipcaes,
1024 3017 1127 3084 putant

110 3090 133 3138 Δ
162 3087 260 3140 ΕΗΖ
288 3087 293 3155 Ι
318 3085 437 3156 habent]
463 3087 492 3139 et
514 3086 578 3139 add.
598 3087 694 3140 Haase
719 3088 727 3155 ΙΙ
750 3091 781 3137 14
799 3086 938 3156 proximo]
964 3104 1054 3139 -mum
1077 3089 1124 3155 δΙ

109 3104 183 3229 lobs
203 3158 247 3211 est
268 3155 311 3228 in]
340 3160 384 3210 est
406 3174 456 3211 om.
476 3156 580 3210 ΜΨ
607 3156 636 3209 iu
656 3174 705 3211 om.
726 3158 793 3226 (⁷1)ss
812 3158 820 3226 ΙΙ
840 3162 869 3209 15
888 3158 955 3228 que]
983 3174 1032 3212 om.
1052 3164 1099 3227 ηΕ
1118 3160 1126 3227 ΙΙ

110 3234 141 3282 18
158 3227 219 3298 diu]
239 3235 303 3282 ante
316 3230 386 3283 uert.
402 3230 477 3300 troz
495 3245 516 3282 a.
533 3228 585 3282 it
605 3231 678 3298 (ante
696 3233 869 3296 permitto
884 3236 949 3297 post
965 3244 1127 3297 permanere

109 3302 166 3369 JK)
185 3317 235 3354 om.
255 3301 279 3354 δ
303 3300 312 3367 tt
336 3305 367 3351 19
390 3316 441 3352 uec
465 3315 485 3352 s.
505 3298 613 3371 lunam]
635 3305 699 3368 post
722 3299 815 3353 locum
834 3301 858 3353 δ
878 3301 882 3368 Ι
903 3300 1036 3371 crescere]
1062 3316 1127 3354 con-

110 3372 211 3426 sistere
229 3372 252 3425 δ
268 3372 277 3440 ΙΙ
298 3375 333 3423 22
351 3369 472 3440 connob]
492 3372 525 3437 cf.
540 3372 616 3439 epist.
632 3375 693 3436 114,
706 3376 744 3426 24
761 3373 770 3440 tt
788 3376 822 3423 25
841 3372 990 3441 uenerunt]
1009 3371 1127 3424 ueniunt

110 3445 159 3513 δἸ
179 3440 362 3496 remittuntur
381 3441 578 3513 rt(n)11¹01³z]
599 3442 772 3496 renittuutur
790 3441 829 3493 11²
850 3441 1009 3495 renituntur
1028 3443 1132 3506 mit

110 3520 147 3569 8⁶
165 3514 261 3568 omnia
279 3512 403 3567 violeum
416 3513 548 3586 Modoip]
567 3513 647 3568 omni
661 3513 806 3569 uioteutia
818 3515 852 3567 Φ
872 3519 898 3566 et
916 3519 983 3565 unte
995 3511 1112 3561 renum.
1122 3511 1144 3556 o

946 3595 1000 3648 is*
