2408 3832
323 87 458 142 ussus.
479 50 713 152 eunusrsnm.
734 86 792 140 vn.
813 92 908 140 9-11.
1062 87 1127 151 245

105 235 253 300 obiectae
278 233 338 298 sibi
362 255 480 315 morae,
502 232 598 297 fidem
616 254 684 297 non
702 232 798 297 habet
816 232 989 317 turbinem,
1006 234 1128 297 violen-

105 325 271 389 tissimum
301 327 334 387 et
365 322 680 406 perturbatissimum
712 323 912 404 tempestatis
946 344 1061 409 genus,
1093 323 1128 386 in

106 413 231 478 medios
256 411 396 476 siderum
421 412 547 475 ordines
570 411 736 495 pervenire
760 415 791 474 et
815 410 898 474 inter
916 412 1129 496 dispositoris

106 500 285 584 tranquilia
302 502 430 565 versari.
469 500 633 564 credamus
657 501 765 586 ignem
787 501 980 565 eireumaoto
999 500 1127 565 turbine
1147 516 1163 564 3

79 590 240 657 ssooendi
263 594 296 654 et
324 589 411 654 huno
434 590 605 673 expulsum
635 590 669 652 in
699 590 836 653 sublime
859 590 1010 674 praebere
1033 590 1127 654 nobis

108 679 295 764 opinionem
324 680 526 762 speciemque
557 678 668 742 sideris
700 680 803 762 longi:
835 683 925 762 puto,
957 679 1031 743 talis
1060 701 1128 744 esse

108 768 213 852 debet,
237 767 331 850 quale
350 771 399 832 est
421 768 462 849 id,
481 769 567 850 quod
591 769 698 853 ignem
723 768 835 852 effioit3
859 769 997 833 turbinis
1021 772 1127 832 autem

108 858 248 922 rotunda
271 856 369 921 facies
392 861 442 921 est
466 855 514 943 (in
537 857 648 921 eodem
671 857 756 921 enim
776 858 913 942 vestigio
931 861 1077 922 versatur
1096 862 1129 922 et

109 949 278 1013 columnae
297 946 394 1010 modo
413 947 660 1031 circumagentis
680 968 713 1010 se
731 946 900 1032 volvitur):
924 969 1000 1032 ergo
1020 947 1129 1033 ignem

69 1063 95 1102 ro
109 1057 248 1120 quoque,
281 1037 337 1117 qui
369 1035 512 1100 inclusus
546 1039 606 1117 est,
639 1036 776 1099 similem
810 1058 878 1100 esse
910 1038 959 1100 illi
992 1039 1129 1120 oportet,

109 1127 201 1208 etqui
232 1125 349 1209 longus
382 1128 431 1188 est
464 1128 496 1188 et
528 1125 680 1189 disiectus
718 1126 912 1209 minimeque
945 1124 1059 1190 similis
1094 1125 1129 1188 in

111 1215 222 1280 orbem
246 1218 366 1278 ooeoto.

178 1303 230 1368 11.
260 1301 459 1387 Epigenen
488 1304 707 1386 relinquamus
738 1307 770 1366 et
800 1304 935 1368 aliorum
961 1305 1161 1387 opinionesl

109 1413 347 1476 persequamur.
386 1413 464 1475 quas
489 1397 659 1475 antequem
680 1414 839 1476 exponere
863 1393 1025 1476 insipiam,
1048 1392 1129 1456 illud

74 1507 98 1546 ιι
111 1482 270 1565 imprimis
289 1481 557 1564 praesumendum
576 1485 634 1563 est,
653 1485 792 1546 cometes
811 1504 877 1547 non
895 1483 929 1546 in
953 1505 1017 1546 una
1039 1487 1130 1565 parte

111 1572 191 1634 oseti
214 1571 315 1654 espioi
338 1591 398 1634 neo
421 1571 455 1635 in
478 1570 632 1656 signifero
660 1575 787 1635 tantum
812 1572 888 1635 orbe
917 1571 972 1635 sed
1000 1575 1067 1635 torn
1094 1571 1130 1636 in

111 1664 183 1724 ortu
208 1681 305 1741 quem
329 1659 363 1722 in
386 1680 515 1742 occasu,
538 1660 797 1742 frequentissime
820 1664 929 1724 temen
952 1661 1037 1726 oiroa
1060 1683 1129 1744 sep-

109 1749 313 1813 tentrionem.
354 1748 459 1812 forma
482 1748 659 1831 eius†non
687 1753 736 1813 est
763 1772 839 1813 une:
868 1751 1014 1832 quemvis
1043 1750 1163 1813 enims

112 1835 225 1902 Greeoi
259 1837 445 1902 discrimina
475 1837 610 1902 fecerint
642 1860 766 1920 eorum,
795 1840 912 1922 quibus
945 1840 979 1902 in
1007 1861 1130 1903 morem

77 1926 228 1991 uberbee
251 1926 381 1990 flemma
409 1927 575 2010 dependet,
599 1931 631 1991 et
659 1949 779 2010 eorum,
803 1929 859 2011 qui
881 1929 1023 2010 undique
1047 1929 1131 1993 oiroa

111 2039 144 2081 se
167 2015 257 2080 velut
280 2037 405 2080 somam
429 2020 594 2101 spargunt,
618 2020 650 2081 et
672 2039 793 2099 eorum,
811 2017 928 2099 quibus
951 2016 1042 2081 fusus
1062 2018 1130 2100 qui-

112 2106 184 2170 dem
208 2110 257 2169 est
286 2105 371 2190 ignis
395 2105 450 2169 sed
480 2105 515 2169 in
537 2106 691 2170 verticem
722 2105 865 2188 tendens,
886 2111 996 2169 tamen
1019 2128 1129 2170 omnes

110 2195 166 2261 isti
199 2194 340 2259 eiusdem
372 2198 468 2258 notae
506 2199 581 2258 sunt
616 2199 821 2278 oometeeque
853 2199 939 2259 reote
971 2195 1128 2260 dicuntur.

111 2305 249 2367 quorum
273 2305 346 2348 oum
377 2287 451 2367 post
479 2285 659 2369 longumt
660 2306 772 2368 empus
797 2288 971 2386 appareant
998 2285 1130 2367 formae,
1149 2301 1164 2347 3

72 2392 96 2437 ιι
110 2375 195 2438 inter
218 2394 251 2437 se
275 2393 329 2436 eos
354 2394 538 2474 comparare
563 2371 766 2437 diffieilet
718 2377 778 2437 est:
803 2374 891 2438 illo'
883 2395 953 2457 ipso
977 2377 1129 2457 t‚empore

110 2484 176 2546 quo
200 2462 429 2545 apperentin
395 2465 478 2526 mter
501 2466 633 2545 speotan
634 2466 682 2527 tes
634 2462 744 2526 tde
767 2463 859 2527 habit
845 2467 881 2526 tu
911 2463 1040 2526 illorum
1064 2484 1131 2527 non

110 2550 264 2618 convenit
293 2550 358 2633 sed,
387 2555 485 2635 prout
515 2551 630 2635 suique
659 2553 762 2616 aerior
786 2553 868 2616 aeies
900 2555 955 2615 sut
941 2551 1131 2616 thebetior

109 2643 169 2723 est,
198 2639 319 2703 itut
274 2640 319 2703 ait
348 2644 403 2704 aut
389 2639 621 2705 tluoidiorem
644 2662 713 2704 esse
736 2632 792 2705 eut
814 2640 1131 2706 rubicundioremet

183 2887 300 2955 stemp.
316 2888 345 2939 et
360 2889 433 2956 pter
447 2887 1130 2970 eoll.dss4credomus]otp..244,18116tolrs

110 2955 261 3082 ‘natvm
263 2904 301 3026 epil
320 2957 481 3027 evestigio]
500 2975 550 3012 om.
566 2960 612 3028 δΙΙ
626 2965 655 3011 18
672 2959 731 3012 eius
750 2960 817 3030 non]
838 2962 1009 3014 cometarum
1028 2962 1131 3026 nond,

109 3045 172 3082 o1us
220 3033 319 3096 ortem,
339 3028 379 3082 eie
399 3030 520 3083 Hermol.
536 3031 633 3097 Baro„
652 3031 692 3085 eis
712 3047 776 3085 vero
796 3033 900 3098 Haase
919 3031 960 3085 eis
978 3034 1011 3085 ut
1029 3048 1131 3086 nomen

109 3100 182 3165 Leo,
211 3098 299 3152 oeulis
327 3104 395 3154 nota
418 3101 565 3168 Schultess,
588 3119 644 3155 non
668 3102 754 3156 setius
776 3102 838 3168 Ge,
865 3105 923 3158 nisi
948 3105 1032 3172 plora
1059 3104 1131 3158 velut

109 3187 199 3225 unum
225 3171 268 3224 est
291 3187 388 3240 genus
412 3179 475 3226 ante
498 3143 588 3226 fornia
612 3174 672 3227 eius
690 3191 747 3227 non
766 3177 809 3228 est
827 3189 884 3227 uno
907 3175 1131 3257 inmoderatos

109 3241 170 3295 19
161 3259 192 3295 ιιι
209 3242 259 3313 m]
278 3242 415 3297 minorem
433 3245 454 3298 λ
473 3245 482 3312 ΙΙ
501 3250 531 3296 21
550 3246 671 3316 comum]
691 3261 785 3298 comas
805 3247 828 3300 δ
849 3247 852 3316 t
873 3247 913 3318 et]
932 3263 983 3301 om
1003 3245 1131 3319 pluui-

110 3313 187 3383 dem]
210 3318 275 3367 onte
292 3313 371 3368 fusus
388 3316 437 3368 δλ
456 3317 464 3384 t
483 3320 518 3367 24
536 3315 677 3370 forme-
697 3322 731 3369 25
751 3317 806 3387 est]
826 3318 842 3370 l.
857 3320 896 3371 26
914 3323 978 3372 onte
996 3264 1069 3371 iiiter
1088 3334 1129 3386 sp.

110 3401 131 3457 ρ
150 3386 212 3454 1128
233 3386 512 3458 estB(d?)11hopz
544 3389 750 3457 mummi
771 3388 1011 3459 esee1anteetd
1031 3387 1138 3457 [rubi

111 3457 239 3510 cometen
257 3457 390 3511 subaudit
406 3457 468 3513 Job.
521 3459 603 3529 diter,
621 3458 806 3531 sptendorem
823 3460 894 3514 odd.
906 3459 992 3512 Gertz
