<?xml version="1.0" encoding="UTF-8"?>
<!DOCTYPE html PUBLIC "-//W3C//DTD XHTML 1.0 Transitional//EN"
    "http://www.w3.org/TR/xhtml1/DTD/xhtml1-transitional.dtd">
<html xmlns="http://www.w3.org/1999/xhtml" xml:lang="en" lang="en">
 <head>
  <title>
</title>
<meta http-equiv="Content-Type" content="text/html;charset=utf-8" />
  <meta name='ocr-system' content='tesseract 3.04.00' />
  <meta name='ocr-capabilities' content='ocr_page ocr_carea ocr_par ocr_line ocrx_word'/>
</head>
<body>
  <div class='ocr_page' id='page_1' title='image "./lannaeisenecaeo04senegoog_0258.png"; bbox 0 0 2408 3832; ppageno 0'>
   <div class='ocr_carea' id='block_1_1' title="bbox 127 158 824 223">
    <p class='ocr_par' dir='ltr' id='par_1_1' title="bbox 127 158 824 223">
     <span class='ocr_line' id='line_1_1' title="bbox 127 158 824 223; baseline 0 -10"><span class='ocrx_word' id='word_1_1' title='bbox 127 158 194 223; x_wconf 77' lang='lat'><strong>204</strong></span> <span class='ocrx_word' id='word_1_2' title='bbox 448 159 479 215; x_wconf 88' lang='lat' dir='ltr'><strong>L.</strong></span> <span class='ocrx_word' id='word_1_3' title='bbox 498 159 640 214; x_wconf 86' lang='lat' dir='ltr'>ANNAEI</span> <span class='ocrx_word' id='word_1_4' title='bbox 659 158 824 214; x_wconf 80' lang='lat' dir='ltr'>SENECAE</span> 
     </span>
    </p>
   </div>
   <div class='ocr_carea' id='block_1_2' title="bbox 62 305 1191 2707">
    <p class='ocr_par' dir='ltr' id='par_1_2' title="bbox 128 305 1154 568">
     <span class='ocr_line' id='line_1_2' title="bbox 129 305 1153 390; baseline 0.001 -21"><span class='ocrx_word' id='word_1_5' title='bbox 129 306 175 369; x_wconf 90' lang='lat' dir='ltr'><strong>sio</strong></span> <span class='ocrx_word' id='word_1_6' title='bbox 193 306 250 370; x_wconf 87' lang='lat' dir='ltr'><strong>fiet</strong></span> <span class='ocrx_word' id='word_1_7' title='bbox 267 309 374 369; x_wconf 90' lang='lat' dir='ltr'><strong>motus</strong></span> <span class='ocrx_word' id='word_1_8' title='bbox 395 306 530 370; x_wconf 86' lang='lat' dir='ltr'><strong>alieuius</strong></span> <span class='ocrx_word' id='word_1_9' title='bbox 549 307 659 390; x_wconf 83' lang='lat' dir='ltr'><strong>partis,</strong></span> <span class='ocrx_word' id='word_1_10' title='bbox 678 306 713 368; x_wconf 92' lang='lat' dir='ltr'><strong>in</strong></span> <span class='ocrx_word' id='word_1_11' title='bbox 733 327 829 388; x_wconf 88' lang='lat' dir='ltr'><strong>quam</strong></span> <span class='ocrx_word' id='word_1_12' title='bbox 849 305 970 370; x_wconf 91' lang='lat' dir='ltr'><strong>flumen</strong></span> <span class='ocrx_word' id='word_1_13' title='bbox 989 307 1153 389; x_wconf 90' lang='lat' dir='ltr'><strong>impetum</strong></span> 
     </span>
     <span class='ocr_line' id='line_1_3' title="bbox 128 395 1154 479; baseline 0.001 -21"><span class='ocrx_word' id='word_1_14' title='bbox 128 395 217 459; x_wconf 84' lang='lat' dir='ltr'><strong>dedit</strong></span> <span class='ocrx_word' id='word_1_15' title='bbox 235 399 267 459; x_wconf 83' lang='lat' dir='ltr'><strong>et</strong></span> <span class='ocrx_word' id='word_1_16' title='bbox 281 415 386 478; x_wconf 82' lang='lat' dir='ltr'><strong>quam,</strong></span> <span class='ocrx_word' id='word_1_17' title='bbox 407 395 508 459; x_wconf 85' lang='lat' dir='ltr'><strong>donee</strong></span> <span class='ocrx_word' id='word_1_18' title='bbox 526 396 696 477; x_wconf 72' lang='lat' dir='ltr'><strong>decrescat,</strong></span> <span class='ocrx_word' id='word_1_19' title='bbox 715 395 904 459; x_wconf 72' lang='lat' dir='ltr'>verberabit.</span> <span class='ocrx_word' id='word_1_20' title='bbox 941 399 1050 479; x_wconf 88' lang='lat' dir='ltr'><strong>potest</strong></span> <span class='ocrx_word' id='word_1_21' title='bbox 1069 396 1154 477; x_wconf 86' lang='lat' dir='ltr'><strong>fieri,</strong></span> 
     </span>
     <span class='ocr_line' id='line_1_4' title="bbox 128 484 1154 568; baseline 0 -20"><span class='ocrx_word' id='word_1_22' title='bbox 128 488 165 548; x_wconf 84' lang='lat' dir='ltr'><strong>ut</strong></span> <span class='ocrx_word' id='word_1_23' title='bbox 184 485 324 566; x_wconf 81' lang='lat' dir='ltr'><strong>aliquam</strong></span> <span class='ocrx_word' id='word_1_24' title='bbox 343 485 508 568; x_wconf 84' lang='lat' dir='ltr'><strong>regionem</strong></span> <span class='ocrx_word' id='word_1_25' title='bbox 526 485 614 548; x_wconf 83' lang='lat' dir='ltr'><strong>rivus</strong></span> <span class='ocrx_word' id='word_1_26' title='bbox 634 484 769 548; x_wconf 87' lang='lat' dir='ltr'><strong>affluens</strong></span> <span class='ocrx_word' id='word_1_27' title='bbox 789 485 902 548; x_wconf 78' lang='lat' dir='ltr'><strong>exedat</strong></span> <span class='ocrx_word' id='word_1_28' title='bbox 921 506 958 567; x_wconf 83' lang='lat' dir='ltr'><strong>ao</strong></span> <span class='ocrx_word' id='word_1_29' title='bbox 977 485 1023 548; x_wconf 88' lang='lat' dir='ltr'><strong>sie</strong></span> <span class='ocrx_word' id='word_1_30' title='bbox 1041 484 1154 548; x_wconf 91' lang='lat' dir='ltr'><strong>trahat</strong></span> 
     </span>
    </p>

    <p class='ocr_par' dir='ltr' id='par_1_3' title="bbox 93 574 1190 836">
     <span class='ocr_line' id='line_1_5' title="bbox 93 574 1152 657; baseline -0.001 -19"><span class='ocrx_word' id='word_1_31' title='bbox 93 591 108 638; x_wconf 80' lang='lat'><strong>5</strong></span> <span class='ocrx_word' id='word_1_32' title='bbox 129 574 270 655; x_wconf 83' lang='lat' dir='ltr'><strong>aliquam</strong></span> <span class='ocrx_word' id='word_1_33' title='bbox 289 575 417 655; x_wconf 79' lang='lat' dir='ltr'><strong>molem,</strong></span> <span class='ocrx_word' id='word_1_34' title='bbox 442 595 506 656; x_wconf 88' lang='lat' dir='ltr'><strong>qua</strong></span> <span class='ocrx_word' id='word_1_35' title='bbox 523 574 614 657; x_wconf 87' lang='lat' dir='ltr'><strong>lapsa</strong></span> <span class='ocrx_word' id='word_1_36' title='bbox 633 575 835 657; x_wconf 84' lang='lat' dir='ltr'><strong>superposita</strong></span> <span class='ocrx_word' id='word_1_37' title='bbox 854 574 1047 655; x_wconf 76' lang='lat' dir='ltr'><strong>quatiantur.</strong></span> <span class='ocrx_word' id='word_1_38' title='bbox 1087 575 1152 637; x_wconf 92' lang='lat' dir='ltr'><strong>iam</strong></span> 
     </span>
     <span class='ocr_line' id='line_1_6' title="bbox 129 663 1190 746; baseline 0.003 -20"><span class='ocrx_word' id='word_1_39' title='bbox 129 684 204 726; x_wconf 85' lang='lat' dir='ltr'><strong>vero</strong></span> <span class='ocrx_word' id='word_1_40' title='bbox 224 663 321 726; x_wconf 91' lang='lat' dir='ltr'><strong>nimis</strong></span> <span class='ocrx_word' id='word_1_41' title='bbox 336 663 438 726; x_wconf 85' lang='lat' dir='ltr'><strong>oeulis</strong></span> <span class='ocrx_word' id='word_1_42' title='bbox 452 663 530 746; x_wconf 85' lang='lat' dir='ltr'><strong>&lt;se&gt;</strong></span> <span class='ocrx_word' id='word_1_43' title='bbox 544 664 703 746; x_wconf 88' lang='lat' dir='ltr'><strong>permittit</strong></span> <span class='ocrx_word' id='word_1_44' title='bbox 720 683 780 727; x_wconf 88' lang='lat' dir='ltr'><strong>neo</strong></span> <span class='ocrx_word' id='word_1_45' title='bbox 799 663 873 725; x_wconf 91' lang='lat' dir='ltr'><strong>illos</strong></span> <span class='ocrx_word' id='word_1_46' title='bbox 894 663 954 726; x_wconf 87' lang='lat' dir='ltr'><strong>seit</strong></span> <span class='ocrx_word' id='word_1_47' title='bbox 971 663 1152 746; x_wconf 78' lang='lat' dir='ltr'><strong>producere</strong></span> <span class='ocrx_word' id='word_1_48' title='bbox 1170 689 1190 729; x_wconf 78' lang='lat' dir='ltr'><strong>s</strong></span> 
     </span>
     <span class='ocr_line' id='line_1_7' title="bbox 128 751 1153 836; baseline 0.002 -22"><span class='ocrx_word' id='word_1_49' title='bbox 128 753 214 815; x_wconf 87' lang='lat' dir='ltr'><strong>ultra</strong></span> <span class='ocrx_word' id='word_1_50' title='bbox 247 752 385 836; x_wconf 76' lang='lat' dir='ltr'><strong>animus,</strong></span> <span class='ocrx_word' id='word_1_51' title='bbox 417 753 474 834; x_wconf 94' lang='lat' dir='ltr'><strong>qui</strong></span> <span class='ocrx_word' id='word_1_52' title='bbox 508 773 574 816; x_wconf 89' lang='lat' dir='ltr'><strong>non</strong></span> <span class='ocrx_word' id='word_1_53' title='bbox 605 752 705 816; x_wconf 87' lang='lat' dir='ltr'><strong>eredit</strong></span> <span class='ocrx_word' id='word_1_54' title='bbox 735 775 803 816; x_wconf 91' lang='lat' dir='ltr'><strong>esse</strong></span> <span class='ocrx_word' id='word_1_55' title='bbox 837 753 872 814; x_wconf 92' lang='lat' dir='ltr'><strong>in</strong></span> <span class='ocrx_word' id='word_1_56' title='bbox 902 751 1011 815; x_wconf 90' lang='lat' dir='ltr'><strong>abdito</strong></span> <span class='ocrx_word' id='word_1_57' title='bbox 1046 756 1153 816; x_wconf 84' lang='lat' dir='ltr'><strong>terrae</strong></span> 
     </span>
    </p>

    <p class='ocr_par' dir='ltr' id='par_1_4' title="bbox 90 840 1189 1370">
     <span class='ocr_line' id='line_1_8' title="bbox 90 840 1153 924; baseline 0.001 -21"><span class='ocrx_word' id='word_1_58' title='bbox 90 882 93 889; x_wconf 44' lang='grc' dir='ltr'>ι</span> <span class='ocrx_word' id='word_1_59' title='bbox 129 841 218 904; x_wconf 90' lang='lat' dir='ltr'><strong>sinus</strong></span> <span class='ocrx_word' id='word_1_60' title='bbox 242 842 339 904; x_wconf 90' lang='lat' dir='ltr'><strong>maris</strong></span> <span class='ocrx_word' id='word_1_61' title='bbox 357 842 448 904; x_wconf 82' lang='lat' dir='ltr'><strong>vasti.</strong></span> <span class='ocrx_word' id='word_1_62' title='bbox 485 863 545 904; x_wconf 87' lang='lat' dir='ltr'><strong>neo</strong></span> <span class='ocrx_word' id='word_1_63' title='bbox 569 842 654 905; x_wconf 89' lang='lat' dir='ltr'><strong>enim</strong></span> <span class='ocrx_word' id='word_1_64' title='bbox 673 841 775 922; x_wconf 77' lang='lat' dir='ltr'><strong>rides,</strong></span> <span class='ocrx_word' id='word_1_65' title='bbox 799 840 877 923; x_wconf 92' lang='lat' dir='ltr'><strong>quid</strong></span> <span class='ocrx_word' id='word_1_66' title='bbox 900 841 1073 924; x_wconf 87' lang='lat' dir='ltr'><strong>prohibeat</strong></span> <span class='ocrx_word' id='word_1_67' title='bbox 1097 845 1153 904; x_wconf 88' lang='lat' dir='ltr'><strong>aut</strong></span> 
     </span>
     <span class='ocr_line' id='line_1_9' title="bbox 130 930 1151 1012; baseline -0.001 -18"><span class='ocrx_word' id='word_1_68' title='bbox 130 931 245 1012; x_wconf 77' lang='lat' dir='ltr'><strong>obstet,</strong></span> <span class='ocrx_word' id='word_1_69' title='bbox 265 951 328 1012; x_wconf 92' lang='lat' dir='ltr'><strong>quo</strong></span> <span class='ocrx_word' id='word_1_70' title='bbox 348 931 454 994; x_wconf 90' lang='lat' dir='ltr'><strong>minus</strong></span> <span class='ocrx_word' id='word_1_71' title='bbox 473 931 591 994; x_wconf 88' lang='lat' dir='ltr'><strong>habeat</strong></span> <span class='ocrx_word' id='word_1_72' title='bbox 614 930 747 1012; x_wconf 76' lang='lat' dir='ltr'><strong>aliquod</strong></span> <span class='ocrx_word' id='word_1_73' title='bbox 770 931 865 993; x_wconf 91' lang='lat' dir='ltr'><strong>etiam</strong></span> <span class='ocrx_word' id='word_1_74' title='bbox 885 930 920 993; x_wconf 92' lang='lat' dir='ltr'><strong>in</strong></span> <span class='ocrx_word' id='word_1_75' title='bbox 943 930 1052 993; x_wconf 88' lang='lat' dir='ltr'><strong>abdito</strong></span> <span class='ocrx_word' id='word_1_76' title='bbox 1072 931 1151 994; x_wconf 85' lang='lat' dir='ltr'><strong>litus</strong></span> 
     </span>
     <span class='ocr_line' id='line_1_10' title="bbox 130 1019 1152 1103; baseline 0 -21"><span class='ocrx_word' id='word_1_77' title='bbox 130 1023 162 1083; x_wconf 85' lang='lat' dir='ltr'><strong>et</strong></span> <span class='ocrx_word' id='word_1_78' title='bbox 184 1041 242 1103; x_wconf 92' lang='lat' dir='ltr'><strong>per</strong></span> <span class='ocrx_word' id='word_1_79' title='bbox 266 1021 408 1083; x_wconf 88' lang='lat' dir='ltr'><strong>oooultos</strong></span> <span class='ocrx_word' id='word_1_80' title='bbox 433 1019 537 1083; x_wconf 88' lang='lat' dir='ltr'><strong>aditus</strong></span> <span class='ocrx_word' id='word_1_81' title='bbox 561 1023 726 1102; x_wconf 80' lang='lat' dir='ltr'><strong>receptum</strong></span> <span class='ocrx_word' id='word_1_82' title='bbox 748 1041 845 1100; x_wconf 80' lang='lat' dir='ltr'><strong>mare,</strong></span> <span class='ocrx_word' id='word_1_83' title='bbox 870 1019 958 1100; x_wconf 94' lang='lat' dir='ltr'><strong>quod</strong></span> <span class='ocrx_word' id='word_1_84' title='bbox 980 1019 1049 1082; x_wconf 89' lang='lat' dir='ltr'><strong>illio</strong></span> <span class='ocrx_word' id='word_1_85' title='bbox 1074 1041 1152 1101; x_wconf 91' lang='lat' dir='ltr'><strong>quo-</strong></span> 
     </span>
     <span class='ocr_line' id='line_1_11' title="bbox 131 1107 1189 1192; baseline 0.002 -20"><span class='ocrx_word' id='word_1_86' title='bbox 131 1129 193 1190; x_wconf 92' lang='lat' dir='ltr'><strong>que</strong></span> <span class='ocrx_word' id='word_1_87' title='bbox 216 1108 404 1172; x_wconf 85' lang='lat' dir='ltr'><strong>tantundem</strong></span> <span class='ocrx_word' id='word_1_88' title='bbox 432 1110 498 1172; x_wconf 88' lang='lat' dir='ltr'><strong>loei</strong></span> <span class='ocrx_word' id='word_1_89' title='bbox 524 1113 632 1173; x_wconf 90' lang='lat' dir='ltr'><strong>teneat</strong></span> <span class='ocrx_word' id='word_1_90' title='bbox 660 1112 715 1172; x_wconf 90' lang='lat' dir='ltr'><strong>aut</strong></span> <span class='ocrx_word' id='word_1_91' title='bbox 741 1109 887 1172; x_wconf 85' lang='lat' dir='ltr'><strong>fortassis</strong></span> <span class='ocrx_word' id='word_1_92' title='bbox 915 1107 977 1171; x_wconf 90' lang='lat' dir='ltr'><strong>hoo</strong></span> <span class='ocrx_word' id='word_1_93' title='bbox 1002 1109 1152 1192; x_wconf 72' lang='lat' dir='ltr'><strong>amplius,</strong></span> <span class='ocrx_word' id='word_1_94' title='bbox 1166 1136 1189 1174; x_wconf 83' lang='lat' dir='ltr'><strong>ro</strong></span> 
     </span>
     <span class='ocr_line' id='line_1_12' title="bbox 131 1196 1151 1281; baseline 0 -21"><span class='ocrx_word' id='word_1_95' title='bbox 131 1197 220 1280; x_wconf 85' lang='lat' dir='ltr'><strong>quod</strong></span> <span class='ocrx_word' id='word_1_96' title='bbox 252 1198 417 1281; x_wconf 88' lang='lat' dir='ltr'><strong>superiora</strong></span> <span class='ocrx_word' id='word_1_97' title='bbox 446 1219 519 1261; x_wconf 90' lang='lat' dir='ltr'><strong>oum</strong></span> <span class='ocrx_word' id='word_1_98' title='bbox 552 1201 602 1261; x_wconf 85' lang='lat' dir='ltr'><strong>tot</strong></span> <span class='ocrx_word' id='word_1_99' title='bbox 629 1198 820 1261; x_wconf 88' lang='lat' dir='ltr'><strong>animalibus</strong></span> <span class='ocrx_word' id='word_1_100' title='bbox 849 1201 939 1261; x_wconf 90' lang='lat' dir='ltr'><strong>erant</strong></span> <span class='ocrx_word' id='word_1_101' title='bbox 967 1196 1151 1261; x_wconf 86' lang='lat' dir='ltr'><strong>dividenda:</strong></span> 
     </span>
     <span class='ocr_line' id='line_1_13' title="bbox 130 1287 1152 1370; baseline 0 -20"><span class='ocrx_word' id='word_1_102' title='bbox 130 1287 277 1350; x_wconf 87' lang='lat' dir='ltr'><strong>abstrusa</strong></span> <span class='ocrx_word' id='word_1_103' title='bbox 299 1287 384 1350; x_wconf 89' lang='lat' dir='ltr'><strong>enim</strong></span> <span class='ocrx_word' id='word_1_104' title='bbox 408 1290 441 1350; x_wconf 85' lang='lat' dir='ltr'><strong>et</strong></span> <span class='ocrx_word' id='word_1_105' title='bbox 460 1288 528 1351; x_wconf 90' lang='lat' dir='ltr'><strong>sine</strong></span> <span class='ocrx_word' id='word_1_106' title='bbox 550 1308 734 1370; x_wconf 87' lang='lat' dir='ltr'><strong>possessore</strong></span> <span class='ocrx_word' id='word_1_107' title='bbox 754 1287 877 1351; x_wconf 89' lang='lat' dir='ltr'><strong>deserta</strong></span> <span class='ocrx_word' id='word_1_108' title='bbox 898 1287 1032 1350; x_wconf 87' lang='lat' dir='ltr'><strong>liberius</strong></span> <span class='ocrx_word' id='word_1_109' title='bbox 1056 1287 1152 1350; x_wconf 91' lang='lat' dir='ltr'><strong>undis</strong></span> 
     </span>
    </p>

    <p class='ocr_par' dir='ltr' id='par_1_5' title="bbox 94 1375 1191 2172">
     <span class='ocr_line' id='line_1_14' title="bbox 94 1375 1152 1458; baseline -0.001 -18"><span class='ocrx_word' id='word_1_110' title='bbox 94 1379 252 1440; x_wconf 79' lang='lat' dir='ltr'><strong>ovaeant.</strong></span> <span class='ocrx_word' id='word_1_111' title='bbox 292 1396 371 1457; x_wconf 87' lang='lat' dir='ltr'><strong>quas</strong></span> <span class='ocrx_word' id='word_1_112' title='bbox 396 1376 474 1458; x_wconf 92' lang='lat' dir='ltr'><strong>quid</strong></span> <span class='ocrx_word' id='word_1_113' title='bbox 496 1379 584 1440; x_wconf 83' lang='lat' dir='ltr'><strong>vetat</strong></span> <span class='ocrx_word' id='word_1_114' title='bbox 607 1377 675 1439; x_wconf 88' lang='lat' dir='ltr'><strong>illie</strong></span> <span class='ocrx_word' id='word_1_115' title='bbox 697 1375 854 1439; x_wconf 81' lang='lat' dir='ltr'><strong>fluctuare</strong></span> <span class='ocrx_word' id='word_1_116' title='bbox 877 1379 909 1439; x_wconf 89' lang='lat' dir='ltr'><strong>et</strong></span> <span class='ocrx_word' id='word_1_117' title='bbox 931 1377 1045 1458; x_wconf 81' lang='lat' dir='ltr'><strong>ventis,</strong></span> <span class='ocrx_word' id='word_1_118' title='bbox 1071 1397 1152 1458; x_wconf 93' lang='lat' dir='ltr'><strong>quos</strong></span> 
     </span>
     <span class='ocr_line' id='line_1_15' title="bbox 130 1464 1152 1548; baseline -0.002 -19"><span class='ocrx_word' id='word_1_119' title='bbox 130 1486 224 1529; x_wconf 91' lang='lat' dir='ltr'><strong>omne</strong></span> <span class='ocrx_word' id='word_1_120' title='bbox 243 1465 448 1529; x_wconf 85' lang='lat' dir='ltr'><strong>intervallum</strong></span> <span class='ocrx_word' id='word_1_121' title='bbox 468 1468 625 1529; x_wconf 87' lang='lat' dir='ltr'><strong>terrarum</strong></span> <span class='ocrx_word' id='word_1_122' title='bbox 644 1470 676 1529; x_wconf 86' lang='lat' dir='ltr'><strong>et</strong></span> <span class='ocrx_word' id='word_1_123' title='bbox 695 1465 798 1528; x_wconf 91' lang='lat' dir='ltr'><strong>omnis</strong></span> <span class='ocrx_word' id='word_1_124' title='bbox 819 1470 872 1528; x_wconf 71' lang='lat' dir='ltr'><strong>abr</strong></span> <span class='ocrx_word' id='word_1_125' title='bbox 891 1469 985 1547; x_wconf 81' lang='lat' dir='ltr'><strong>creat,</strong></span> <span class='ocrx_word' id='word_1_126' title='bbox 1005 1464 1152 1548; x_wconf 81' lang='lat' dir='ltr'><strong>impelli?</strong></span> 
     </span>
     <span class='ocr_line' id='line_1_16' title="bbox 128 1555 1189 1638; baseline 0.004 -21"><span class='ocrx_word' id='word_1_127' title='bbox 128 1557 237 1637; x_wconf 84' lang='lat' dir='ltr'><strong>potest</strong></span> <span class='ocrx_word' id='word_1_128' title='bbox 260 1575 336 1638; x_wconf 84' lang='lat' dir='ltr'><strong>ergo</strong></span> <span class='ocrx_word' id='word_1_129' title='bbox 359 1555 463 1617; x_wconf 91' lang='lat' dir='ltr'><strong>maior</strong></span> <span class='ocrx_word' id='word_1_130' title='bbox 482 1555 577 1618; x_wconf 90' lang='lat' dir='ltr'><strong>solito</strong></span> <span class='ocrx_word' id='word_1_131' title='bbox 598 1558 708 1618; x_wconf 85' lang='lat' dir='ltr'><strong>exorta</strong></span> <span class='ocrx_word' id='word_1_132' title='bbox 726 1557 899 1636; x_wconf 87' lang='lat' dir='ltr'><strong>tempestas</strong></span> <span class='ocrx_word' id='word_1_133' title='bbox 918 1555 1062 1635; x_wconf 84' lang='lat' dir='ltr'><strong>aliquam</strong></span> <span class='ocrx_word' id='word_1_134' title='bbox 1080 1577 1152 1636; x_wconf 89' lang='lat' dir='ltr'><strong>par-</strong></span> <span class='ocrx_word' id='word_1_135' title='bbox 1166 1579 1189 1621; x_wconf 80' lang='lat' dir='ltr'><strong>u</strong></span> 
     </span>
     <span class='ocr_line' id='line_1_17' title="bbox 129 1641 1152 1727; baseline 0 -21"><span class='ocrx_word' id='word_1_136' title='bbox 129 1647 194 1707; x_wconf 91' lang='lat' dir='ltr'><strong>tem</strong></span> <span class='ocrx_word' id='word_1_137' title='bbox 217 1647 375 1706; x_wconf 87' lang='lat' dir='ltr'><strong>terrarum</strong></span> <span class='ocrx_word' id='word_1_138' title='bbox 396 1643 569 1727; x_wconf 89' lang='lat' dir='ltr'><strong>impulsam</strong></span> <span class='ocrx_word' id='word_1_139' title='bbox 588 1641 808 1707; x_wconf 83' lang='lat' dir='ltr'><strong>vehementius</strong></span> <span class='ocrx_word' id='word_1_140' title='bbox 829 1664 1038 1707; x_wconf 82' lang='lat' dir='ltr'><strong>commovere.</strong></span> <span class='ocrx_word' id='word_1_141' title='bbox 1076 1665 1152 1706; x_wconf 91' lang='lat' dir='ltr'><strong>nam</strong></span> 
     </span>
     <span class='ocr_line' id='line_1_18' title="bbox 129 1731 1152 1815; baseline 0 -21"><span class='ocrx_word' id='word_1_142' title='bbox 129 1731 216 1815; x_wconf 89' lang='lat' dir='ltr'><strong>apud</strong></span> <span class='ocrx_word' id='word_1_143' title='bbox 238 1753 297 1796; x_wconf 91' lang='lat' dir='ltr'><strong>nos</strong></span> <span class='ocrx_word' id='word_1_144' title='bbox 322 1752 452 1813; x_wconf 92' lang='lat' dir='ltr'><strong>quoque</strong></span> <span class='ocrx_word' id='word_1_145' title='bbox 475 1734 592 1814; x_wconf 86' lang='lat' dir='ltr'><strong>multa,</strong></span> <span class='ocrx_word' id='word_1_146' title='bbox 622 1753 704 1814; x_wconf 89' lang='lat' dir='ltr'><strong>quae</strong></span> <span class='ocrx_word' id='word_1_147' title='bbox 727 1732 841 1815; x_wconf 89' lang='lat' dir='ltr'><strong>prooul</strong></span> <span class='ocrx_word' id='word_1_148' title='bbox 865 1755 883 1794; x_wconf 92' lang='lat' dir='ltr'><strong>a</strong></span> <span class='ocrx_word' id='word_1_149' title='bbox 906 1732 987 1795; x_wconf 89' lang='lat' dir='ltr'><strong>mari</strong></span> <span class='ocrx_word' id='word_1_150' title='bbox 1014 1733 1152 1815; x_wconf 76' lang='lat' dir='ltr'><strong>fuerant,</strong></span> 
     </span>
     <span class='ocr_line' id='line_1_19' title="bbox 130 1821 1153 1905; baseline -0.001 -21"><span class='ocrx_word' id='word_1_151' title='bbox 130 1822 239 1884; x_wconf 85' lang='lat' dir='ltr'><strong>subito</strong></span> <span class='ocrx_word' id='word_1_152' title='bbox 264 1822 332 1884; x_wconf 91' lang='lat' dir='ltr'><strong>eius</strong></span> <span class='ocrx_word' id='word_1_153' title='bbox 352 1842 481 1885; x_wconf 88' lang='lat' dir='ltr'><strong>aoeessu</strong></span> <span class='ocrx_word' id='word_1_154' title='bbox 499 1823 733 1904; x_wconf 83' lang='lat' dir='ltr'><strong>vapulaverunt</strong></span> <span class='ocrx_word' id='word_1_155' title='bbox 756 1825 788 1885; x_wconf 91' lang='lat' dir='ltr'><strong>et</strong></span> <span class='ocrx_word' id='word_1_156' title='bbox 806 1822 899 1884; x_wconf 83' lang='lat' dir='ltr'><strong>villas</strong></span> <span class='ocrx_word' id='word_1_157' title='bbox 923 1821 958 1884; x_wconf 93' lang='lat' dir='ltr'><strong>in</strong></span> <span class='ocrx_word' id='word_1_158' title='bbox 975 1825 1153 1905; x_wconf 75' lang='lat' dir='ltr'><strong>prospectu</strong></span> 
     </span>
     <span class='ocr_line' id='line_1_20' title="bbox 130 1910 1152 1995; baseline -0.001 -21"><span class='ocrx_word' id='word_1_159' title='bbox 130 1912 304 1975; x_wconf 76' lang='lat' dir='ltr'><strong>collocatas</strong></span> <span class='ocrx_word' id='word_1_160' title='bbox 333 1910 451 1973; x_wconf 86' lang='lat' dir='ltr'><strong>fluetus</strong></span> <span class='ocrx_word' id='word_1_161' title='bbox 475 1910 659 1994; x_wconf 84' lang='lat' dir='ltr'><strong>&lt;reliquit&gt;‚</strong></span> <span class='ocrx_word' id='word_1_162' title='bbox 683 1911 739 1992; x_wconf 91' lang='lat' dir='ltr'><strong>qui</strong></span> <span class='ocrx_word' id='word_1_163' title='bbox 765 1911 862 1995; x_wconf 81' lang='lat' dir='ltr'><strong>longe</strong></span> <span class='ocrx_word' id='word_1_164' title='bbox 891 1911 1082 1974; x_wconf 87' lang='lat' dir='ltr'><strong>audiebatur</strong></span> <span class='ocrx_word' id='word_1_165' title='bbox 1107 1911 1152 1973; x_wconf 90' lang='lat' dir='ltr'><strong>in-</strong></span> 
     </span>
     <span class='ocr_line' id='line_1_21' title="bbox 129 1999 1191 2084; baseline 0.003 -22"><span class='ocrx_word' id='word_1_166' title='bbox 129 2001 227 2082; x_wconf 81' lang='lat' dir='ltr'><strong>vasit3</strong></span> <span class='ocrx_word' id='word_1_167' title='bbox 250 2000 318 2063; x_wconf 88' lang='lat' dir='ltr'><strong>illio</strong></span> <span class='ocrx_word' id='word_1_168' title='bbox 338 2020 468 2081; x_wconf 90' lang='lat' dir='ltr'><strong>quoque</strong></span> <span class='ocrx_word' id='word_1_169' title='bbox 486 2003 594 2083; x_wconf 85' lang='lat' dir='ltr'><strong>potest</strong></span> <span class='ocrx_word' id='word_1_170' title='bbox 612 1999 758 2064; x_wconf 80' lang='lat' dir='ltr'><strong>recedere</strong></span> <span class='ocrx_word' id='word_1_171' title='bbox 778 2021 814 2063; x_wconf 86' lang='lat' dir='ltr'><strong>ae</strong></span> <span class='ocrx_word' id='word_1_172' title='bbox 833 2021 998 2084; x_wconf 81' lang='lat' dir='ltr'><strong>resurgere</strong></span> <span class='ocrx_word' id='word_1_173' title='bbox 1016 2001 1151 2084; x_wconf 83' lang='lat' dir='ltr'><strong>pelagus</strong></span> <span class='ocrx_word' id='word_1_174' title='bbox 1165 2026 1191 2065; x_wconf 75' lang='lat' dir='ltr'><strong>ao</strong></span> 
     </span>
     <span class='ocr_line' id='line_1_22' title="bbox 130 2088 1150 2172; baseline 0 -21"><span class='ocrx_word' id='word_1_175' title='bbox 130 2089 306 2152; x_wconf 84' lang='lat' dir='ltr'><strong>infernum:</strong></span> <span class='ocrx_word' id='word_1_176' title='bbox 322 2110 458 2171; x_wconf 90' lang='lat' dir='ltr'><strong>quorum</strong></span> <span class='ocrx_word' id='word_1_177' title='bbox 473 2093 623 2153; x_wconf 88' lang='lat' dir='ltr'><strong>neutrum</strong></span> <span class='ocrx_word' id='word_1_178' title='bbox 637 2088 676 2150; x_wconf 92' lang='lat' dir='ltr'><strong>fit</strong></span> <span class='ocrx_word' id='word_1_179' title='bbox 690 2090 758 2152; x_wconf 87' lang='lat' dir='ltr'><strong>sine</strong></span> <span class='ocrx_word' id='word_1_180' title='bbox 772 2093 863 2152; x_wconf 90' lang='lat' dir='ltr'><strong>motu</strong></span> <span class='ocrx_word' id='word_1_181' title='bbox 877 2090 1150 2172; x_wconf 64' lang='lat' dir='ltr'><strong>superstantium?</strong></span> 
     </span>
    </p>

    <p class='ocr_par' dir='ltr' id='par_1_6' title="bbox 96 2175 1152 2439">
     <span class='ocr_line' id='line_1_23' title="bbox 96 2175 1152 2260; baseline -0.001 -19"><span class='ocrx_word' id='word_1_182' title='bbox 96 2196 109 2241; x_wconf 91' lang='lat'>1</span> <span class='ocrx_word' id='word_1_183' title='bbox 199 2177 227 2240; x_wconf 88' lang='lat'><strong>8.</strong></span> <span class='ocrx_word' id='word_1_184' title='bbox 255 2175 332 2240; x_wconf 89' lang='lat' dir='ltr'><strong>Non</strong></span> <span class='ocrx_word' id='word_1_185' title='bbox 361 2177 491 2259; x_wconf 91' lang='lat' dir='ltr'><strong>quidem</strong></span> <span class='ocrx_word' id='word_1_186' title='bbox 520 2178 668 2241; x_wconf 81' lang='lat' dir='ltr'><strong>existimo</strong></span> <span class='ocrx_word' id='word_1_187' title='bbox 698 2177 752 2240; x_wconf 89' lang='lat' dir='ltr'><strong>diu</strong></span> <span class='ocrx_word' id='word_1_188' title='bbox 781 2181 813 2242; x_wconf 85' lang='lat' dir='ltr'><strong>te</strong></span> <span class='ocrx_word' id='word_1_189' title='bbox 840 2177 1082 2260; x_wconf 83' lang='lat' dir='ltr'><strong>haesitaturum,</strong></span> <span class='ocrx_word' id='word_1_190' title='bbox 1112 2199 1152 2240; x_wconf 89' lang='lat' dir='ltr'><strong>an</strong></span> 
     </span>
     <span class='ocr_line' id='line_1_24' title="bbox 130 2267 1150 2331; baseline 0 -1"><span class='ocrx_word' id='word_1_191' title='bbox 130 2267 240 2330; x_wconf 88' lang='lat' dir='ltr'><strong>eredas</strong></span> <span class='ocrx_word' id='word_1_192' title='bbox 265 2289 333 2330; x_wconf 89' lang='lat' dir='ltr'><strong>esse</strong></span> <span class='ocrx_word' id='word_1_193' title='bbox 362 2267 585 2330; x_wconf 89' lang='lat' dir='ltr'><strong>subterraneos</strong></span> <span class='ocrx_word' id='word_1_194' title='bbox 610 2289 718 2330; x_wconf 89' lang='lat' dir='ltr'><strong>amnes</strong></span> <span class='ocrx_word' id='word_1_195' title='bbox 743 2270 775 2331; x_wconf 90' lang='lat' dir='ltr'><strong>et</strong></span> <span class='ocrx_word' id='word_1_196' title='bbox 797 2289 884 2331; x_wconf 89' lang='lat' dir='ltr'><strong>mare</strong></span> <span class='ocrx_word' id='word_1_197' title='bbox 910 2267 1150 2331; x_wconf 80' lang='lat' dir='ltr'><strong>absconditum:</strong></span> 
     </span>
     <span class='ocr_line' id='line_1_25' title="bbox 129 2355 1151 2439; baseline 0 -21"><span class='ocrx_word' id='word_1_198' title='bbox 129 2355 214 2418; x_wconf 92' lang='lat' dir='ltr'><strong>unde</strong></span> <span class='ocrx_word' id='word_1_199' title='bbox 238 2356 410 2423; x_wconf 87' lang='lat' dir='ltr'><strong>enimista</strong></span> <span class='ocrx_word' id='word_1_200' title='bbox 432 2359 623 2439; x_wconf 82' lang='lat' dir='ltr'><strong>prorepunt,</strong></span> <span class='ocrx_word' id='word_1_201' title='bbox 651 2355 735 2419; x_wconf 90' lang='lat' dir='ltr'><strong>unde</strong></span> <span class='ocrx_word' id='word_1_202' title='bbox 764 2355 804 2418; x_wconf 92' lang='lat' dir='ltr'><strong>ad</strong></span> <span class='ocrx_word' id='word_1_203' title='bbox 829 2377 888 2418; x_wconf 88' lang='lat' dir='ltr'><strong>nos</strong></span> <span class='ocrx_word' id='word_1_204' title='bbox 912 2357 1060 2437; x_wconf 79' lang='lat' dir='ltr'><strong>veniunt,</strong></span> <span class='ocrx_word' id='word_1_205' title='bbox 1087 2357 1151 2419; x_wconf 90' lang='lat' dir='ltr'><strong>nisi</strong></span> 
     </span>
    </p>

    <p class='ocr_par' dir='ltr' id='par_1_7' title="bbox 94 2444 1190 2528">
     <span class='ocr_line' id='line_1_26' title="bbox 94 2444 1190 2528; baseline 0.002 -20"><span class='ocrx_word' id='word_1_206' title='bbox 94 2461 110 2508; x_wconf 80' lang='lat'><strong>2</strong></span> <span class='ocrx_word' id='word_1_207' title='bbox 132 2444 219 2527; x_wconf 92' lang='lat' dir='ltr'><strong>quod</strong></span> <span class='ocrx_word' id='word_1_208' title='bbox 243 2446 333 2528; x_wconf 85' lang='lat' dir='ltr'><strong>origo</strong></span> <span class='ocrx_word' id='word_1_209' title='bbox 357 2445 479 2508; x_wconf 92' lang='lat' dir='ltr'><strong>umoris</strong></span> <span class='ocrx_word' id='word_1_210' title='bbox 503 2446 627 2508; x_wconf 88' lang='lat' dir='ltr'><strong>inolusa</strong></span> <span class='ocrx_word' id='word_1_211' title='bbox 651 2444 720 2508; x_wconf 81' lang='lat' dir='ltr'><strong>est?</strong></span> <span class='ocrx_word' id='word_1_212' title='bbox 757 2467 824 2528; x_wconf 76' lang='lat' dir='ltr'><strong>age,</strong></span> <span class='ocrx_word' id='word_1_213' title='bbox 849 2466 921 2508; x_wconf 91' lang='lat' dir='ltr'><strong>oum</strong></span> <span class='ocrx_word' id='word_1_214' title='bbox 941 2445 1029 2509; x_wconf 85' lang='lat' dir='ltr'><strong>rides</strong></span> <span class='ocrx_word' id='word_1_215' title='bbox 1054 2446 1150 2508; x_wconf 85' lang='lat' dir='ltr'><strong>inter-</strong></span> <span class='ocrx_word' id='word_1_216' title='bbox 1165 2471 1190 2510; x_wconf 79' lang='lat' dir='ltr'><strong>rs</strong></span> 
     </span>
    </p>

    <p class='ocr_par' dir='ltr' id='par_1_8' title="bbox 62 2533 1151 2618">
     <span class='ocr_line' id='line_1_27' title="bbox 62 2533 1151 2618; baseline 0.001 -22"><span class='ocrx_word' id='word_1_217' title='bbox 62 2546 64 2552; x_wconf 83' lang='grc'><em>’</em></span> <span class='ocrx_word' id='word_1_218' title='bbox 128 2537 262 2617; x_wconf 89' lang='lat' dir='ltr'><strong>ruptum</strong></span> <span class='ocrx_word' id='word_1_219' title='bbox 282 2533 396 2618; x_wconf 76' lang='lat' dir='ltr'><strong>Tigrin</strong></span> <span class='ocrx_word' id='word_1_220' title='bbox 418 2535 453 2596; x_wconf 90' lang='lat' dir='ltr'><strong>in</strong></span> <span class='ocrx_word' id='word_1_221' title='bbox 474 2533 581 2598; x_wconf 92' lang='lat' dir='ltr'><strong>medio</strong></span> <span class='ocrx_word' id='word_1_222' title='bbox 605 2534 720 2597; x_wconf 90' lang='lat' dir='ltr'><strong>itinere</strong></span> <span class='ocrx_word' id='word_1_223' title='bbox 744 2534 856 2597; x_wconf 88' lang='lat' dir='ltr'><strong>siooari</strong></span> <span class='ocrx_word' id='word_1_224' title='bbox 880 2538 912 2598; x_wconf 87' lang='lat' dir='ltr'><strong>et</strong></span> <span class='ocrx_word' id='word_1_225' title='bbox 935 2555 1001 2596; x_wconf 91' lang='lat' dir='ltr'><strong>non</strong></span> <span class='ocrx_word' id='word_1_226' title='bbox 1023 2536 1151 2598; x_wconf 84' lang='lat' dir='ltr'><strong>univer·</strong></span> 
     </span>
    </p>

    <p class='ocr_par' dir='ltr' id='par_1_9' title="bbox 131 2622 1150 2707">
     <span class='ocr_line' id='line_1_28' title="bbox 131 2622 1150 2707; baseline 0 -21"><span class='ocrx_word' id='word_1_227' title='bbox 131 2646 202 2686; x_wconf 93' lang='lat' dir='ltr'><strong>sum</strong></span> <span class='ocrx_word' id='word_1_228' title='bbox 236 2624 352 2707; x_wconf 81' lang='lat' dir='ltr'><strong>averti,</strong></span> <span class='ocrx_word' id='word_1_229' title='bbox 385 2622 441 2687; x_wconf 91' lang='lat' dir='ltr'><strong>sed</strong></span> <span class='ocrx_word' id='word_1_230' title='bbox 472 2623 629 2707; x_wconf 88' lang='lat' dir='ltr'><strong>paulatim</strong></span> <span class='ocrx_word' id='word_1_231' title='bbox 661 2645 728 2686; x_wconf 89' lang='lat' dir='ltr'><strong>non</strong></span> <span class='ocrx_word' id='word_1_232' title='bbox 760 2624 990 2706; x_wconf 87' lang='lat' dir='ltr'><strong>apparentibus</strong></span> <span class='ocrx_word' id='word_1_233' title='bbox 1024 2623 1150 2686; x_wconf 89' lang='lat' dir='ltr'><strong>damnis</strong></span> 
     </span>
    </p>
   </div>
   <div class='ocr_carea' id='block_1_3' title="bbox 129 2814 1151 3242">
    <p class='ocr_par' dir='ltr' id='par_1_10' title="bbox 129 2814 1151 3242">
     <span class='ocr_line' id='line_1_29' title="bbox 202 2814 1150 2886; baseline 0.001 -19"><span class='ocrx_word' id='word_1_234' title='bbox 202 2815 326 2886; x_wconf 83' lang='lat' dir='ltr'><strong>lpartis]</strong></span> <span class='ocrx_word' id='word_1_235' title='bbox 342 2816 385 2868; x_wconf 92' lang='lat' dir='ltr'><strong>est</strong></span> <span class='ocrx_word' id='word_1_236' title='bbox 394 2817 458 2870; x_wconf 81' lang='lat' dir='ltr'><strong>add.</strong></span> <span class='ocrx_word' id='word_1_237' title='bbox 470 2817 493 2868; x_wconf 77' lang='grc' dir='ltr'><em>δ</em></span> <span class='ocrx_word' id='word_1_238' title='bbox 506 2818 515 2884; x_wconf 72' lang='lat' dir='ltr'><strong>ll</strong></span> <span class='ocrx_word' id='word_1_239' title='bbox 530 2820 545 2867; x_wconf 84' lang='lat'><em>8</em></span> <span class='ocrx_word' id='word_1_240' title='bbox 556 2815 669 2886; x_wconf 86' lang='lat' dir='ltr'><strong>exedat]</strong></span> <span class='ocrx_word' id='word_1_241' title='bbox 685 2814 803 2869; x_wconf 84' lang='lat' dir='ltr'><strong>excedat</strong></span> <span class='ocrx_word' id='word_1_242' title='bbox 812 2815 945 2868; x_wconf 67' lang='grc'>(1111181</span> <span class='ocrx_word' id='word_1_243' title='bbox 957 2816 960 2884; x_wconf 70' lang='lat' dir='ltr'><strong>l</strong></span> <span class='ocrx_word' id='word_1_244' title='bbox 973 2815 1013 2869; x_wconf 84' lang='lat' dir='ltr'><strong>sio</strong></span> <span class='ocrx_word' id='word_1_245' title='bbox 1022 2815 1150 2886; x_wconf 53' lang='grc' dir='ltr'><strong>ΔΕΜ]</strong></span> 
     </span>
     <span class='ocr_line' id='line_1_30' title="bbox 130 2885 1151 2958; baseline 0.001 -20"><span class='ocrx_word' id='word_1_246' title='bbox 130 2885 155 2938; x_wconf 93' lang='lat' dir='ltr'><strong>si</strong></span> <span class='ocrx_word' id='word_1_247' title='bbox 169 2887 308 2939; x_wconf 64' lang='lat' dir='ltr'><strong>BHllflz</strong></span> <span class='ocrx_word' id='word_1_248' title='bbox 321 2887 330 2954; x_wconf 72' lang='grc' dir='ltr'><strong>ΙΙ</strong></span> <span class='ocrx_word' id='word_1_249' title='bbox 345 2891 400 2939; x_wconf 71' lang='lat' dir='ltr'><strong>ose</strong></span> <span class='ocrx_word' id='word_1_250' title='bbox 415 2887 479 2941; x_wconf 83' lang='lat' dir='ltr'><strong>add.</strong></span> <span class='ocrx_word' id='word_1_251' title='bbox 491 2887 547 2941; x_wconf 86' lang='lat' dir='ltr'><strong>Leo</strong></span> <span class='ocrx_word' id='word_1_252' title='bbox 564 2887 567 2958; x_wconf 70' lang='lat' dir='ltr'><strong>l</strong></span> <span class='ocrx_word' id='word_1_253' title='bbox 584 2886 648 2940; x_wconf 87' lang='lat' dir='ltr'><strong>illos</strong></span> <span class='ocrx_word' id='word_1_254' title='bbox 663 2887 728 2957; x_wconf 88' lang='lat' dir='ltr'><strong>soit]</strong></span> <span class='ocrx_word' id='word_1_255' title='bbox 744 2902 837 2939; x_wconf 84' lang='lat' dir='ltr'><strong>seeum</strong></span> <span class='ocrx_word' id='word_1_256' title='bbox 847 2892 875 2952; x_wconf 77' lang='grc' dir='ltr'><strong>Ρ,</strong></span> <span class='ocrx_word' id='word_1_257' title='bbox 891 2887 944 2940; x_wconf 86' lang='lat' dir='ltr'><strong>soit</strong></span> <span class='ocrx_word' id='word_1_258' title='bbox 954 2888 1060 2952; x_wconf 77' lang='lat' dir='ltr'><strong>Haase,</strong></span> <span class='ocrx_word' id='word_1_259' title='bbox 1073 2887 1151 2940; x_wconf 87' lang='lat' dir='ltr'><strong>ultra</strong></span> 
     </span>
     <span class='ocr_line' id='line_1_31' title="bbox 129 2956 1150 3029; baseline 0 -19"><span class='ocrx_word' id='word_1_260' title='bbox 129 2956 194 3010; x_wconf 89' lang='lat' dir='ltr'><strong>illos</strong></span> <span class='ocrx_word' id='word_1_261' title='bbox 214 2957 267 3010; x_wconf 88' lang='lat' dir='ltr'><strong>soit</strong></span> <span class='ocrx_word' id='word_1_262' title='bbox 285 2958 364 3026; x_wconf 88' lang='lat' dir='ltr'><strong>prod.</strong></span> <span class='ocrx_word' id='word_1_263' title='bbox 385 2974 429 3010; x_wconf 87' lang='lat' dir='ltr'><strong>an.</strong></span> <span class='ocrx_word' id='word_1_264' title='bbox 449 2959 615 3012; x_wconf 82' lang='lat' dir='ltr'><strong>zErasmus</strong></span> <span class='ocrx_word' id='word_1_265' title='bbox 633 2960 642 3027; x_wconf 73' lang='grc' dir='ltr'><strong>Ι]</strong></span> <span class='ocrx_word' id='word_1_266' title='bbox 660 2963 676 3011; x_wconf 82' lang='grc'>6</span> <span class='ocrx_word' id='word_1_267' title='bbox 696 2958 805 3011; x_wconf 84' lang='lat' dir='ltr'><strong>animus</strong></span> <span class='ocrx_word' id='word_1_268' title='bbox 826 2959 887 3029; x_wconf 79' lang='lat' dir='ltr'><strong>Ga]</strong></span> <span class='ocrx_word' id='word_1_269' title='bbox 907 2959 1032 3011; x_wconf 90' lang='lat' dir='ltr'><strong>animum</strong></span> <span class='ocrx_word' id='word_1_270' title='bbox 1051 2960 1055 3026; x_wconf 86' lang='lat' dir='ltr'><strong>l</strong></span> <span class='ocrx_word' id='word_1_271' title='bbox 1072 2958 1150 3028; x_wconf 79' lang='lat' dir='ltr'><strong>abd]</strong></span> 
     </span>
     <span class='ocr_line' id='line_1_32' title="bbox 131 3027 1150 3100; baseline 0.002 -20"><span class='ocrx_word' id='word_1_272' title='bbox 131 3029 296 3082; x_wconf 81' lang='lat' dir='ltr'><strong>abscondito</strong></span> <span class='ocrx_word' id='word_1_273' title='bbox 315 3031 389 3099; x_wconf 79' lang='grc' dir='ltr'><strong>ηΕλ</strong></span> <span class='ocrx_word' id='word_1_274' title='bbox 407 3032 416 3098; x_wconf 68' lang='lat' dir='ltr'>ss</span> <span class='ocrx_word' id='word_1_275' title='bbox 435 3034 450 3080; x_wconf 82' lang='lat'><em>8</em></span> <span class='ocrx_word' id='word_1_276' title='bbox 469 3028 586 3100; x_wconf 85' lang='lat' dir='ltr'><strong>habeat]</strong></span> <span class='ocrx_word' id='word_1_277' title='bbox 611 3045 645 3083; x_wconf 88' lang='lat' dir='ltr'><strong>so.</strong></span> <span class='ocrx_word' id='word_1_278' title='bbox 666 3035 746 3084; x_wconf 81' lang='lat' dir='ltr'><strong>terro.</strong></span> <span class='ocrx_word' id='word_1_279' title='bbox 765 3027 906 3082; x_wconf 85' lang='lat' dir='ltr'><strong>habeatur</strong></span> <span class='ocrx_word' id='word_1_280' title='bbox 923 3036 991 3082; x_wconf 72' lang='lat' dir='ltr'><strong>EST</strong></span> <span class='ocrx_word' id='word_1_281' title='bbox 1015 3031 1150 3097; x_wconf 87' lang='lat' dir='ltr'><strong>-e(a)ntur</strong></span> 
     </span>
     <span class='ocr_line' id='line_1_33' title="bbox 130 3099 1149 3172; baseline 0.001 -20"><span class='ocrx_word' id='word_1_282' title='bbox 130 3104 151 3151; x_wconf 83' lang='lat' dir='ltr'>B</span> <span class='ocrx_word' id='word_1_283' title='bbox 169 3099 276 3153; x_wconf 82' lang='lat' dir='ltr'><strong>habeat</strong></span> <span class='ocrx_word' id='word_1_284' title='bbox 293 3101 381 3153; x_wconf 90' lang='lat' dir='ltr'><strong>habet</strong></span> <span class='ocrx_word' id='word_1_285' title='bbox 399 3105 422 3152; x_wconf 89' lang='grc' dir='ltr'><strong>Δ</strong></span> <span class='ocrx_word' id='word_1_286' title='bbox 440 3103 449 3168; x_wconf 78' lang='grc' dir='ltr'><strong>ΙΙ</strong></span> <span class='ocrx_word' id='word_1_287' title='bbox 468 3106 484 3152; x_wconf 81' lang='grc'>9</span> <span class='ocrx_word' id='word_1_288' title='bbox 504 3101 543 3171; x_wconf 87' lang='lat' dir='ltr'><strong>et]</strong></span> <span class='ocrx_word' id='word_1_289' title='bbox 563 3101 613 3155; x_wconf 82' lang='lat' dir='ltr'><strong>del.</strong></span> <span class='ocrx_word' id='word_1_290' title='bbox 630 3101 749 3171; x_wconf 68' lang='lat' dir='ltr'><strong>Mauvrq</strong></span> <span class='ocrx_word' id='word_1_291' title='bbox 762 3103 771 3169; x_wconf 75' lang='grc'>11</span> <span class='ocrx_word' id='word_1_292' title='bbox 790 3106 817 3152; x_wconf 95' lang='grc'><strong>11</strong></span> <span class='ocrx_word' id='word_1_293' title='bbox 836 3100 912 3168; x_wconf 89' lang='lat' dir='ltr'><strong>quod</strong></span> <span class='ocrx_word' id='word_1_294' title='bbox 926 3102 1070 3172; x_wconf 68' lang='lat' dir='ltr'><strong>maret]</strong></span> <span class='ocrx_word' id='word_1_295' title='bbox 1094 3117 1149 3168; x_wconf 89' lang='lat' dir='ltr'><strong>quo</strong></span> 
     </span>
     <span class='ocr_line' id='line_1_34' title="bbox 131 3171 1150 3242; baseline 0.002 -19"><span class='ocrx_word' id='word_1_296' title='bbox 131 3173 194 3224; x_wconf 77' lang='grc' dir='ltr'><strong>δΦ</strong></span> <span class='ocrx_word' id='word_1_297' title='bbox 214 3172 218 3238; x_wconf 84' lang='lat' dir='ltr'><strong>l</strong></span> <span class='ocrx_word' id='word_1_298' title='bbox 240 3172 396 3242; x_wconf 86' lang='lat' dir='ltr'><strong>superiora]</strong></span> <span class='ocrx_word' id='word_1_299' title='bbox 422 3188 458 3226; x_wconf 83' lang='lat' dir='ltr'><strong>so.</strong></span> <span class='ocrx_word' id='word_1_300' title='bbox 479 3173 538 3225; x_wconf 83' lang='lat' dir='ltr'><strong>loca</strong></span> <span class='ocrx_word' id='word_1_301' title='bbox 558 3177 646 3226; x_wconf 82' lang='lat' dir='ltr'><strong>terroe</strong></span> <span class='ocrx_word' id='word_1_302' title='bbox 668 3174 677 3240; x_wconf 85' lang='grc' dir='ltr'><strong>ΙΙ</strong></span> <span class='ocrx_word' id='word_1_303' title='bbox 700 3177 731 3225; x_wconf 81' lang='lat'><strong>12</strong></span> <span class='ocrx_word' id='word_1_304' title='bbox 750 3173 789 3241; x_wconf 75' lang='lat' dir='ltr'><strong>et]</strong></span> <span class='ocrx_word' id='word_1_305' title='bbox 816 3171 903 3225; x_wconf 83' lang='lat' dir='ltr'><strong>etiam</strong></span> <span class='ocrx_word' id='word_1_306' title='bbox 924 3175 956 3225; x_wconf 89' lang='grc' dir='ltr'><strong><em>Φ</em></strong></span> <span class='ocrx_word' id='word_1_307' title='bbox 981 3176 1062 3227; x_wconf 90' lang='lat' dir='ltr'><strong>erant</strong></span> <span class='ocrx_word' id='word_1_308' title='bbox 1081 3172 1150 3240; x_wconf 70' lang='grc'>8111</span> 
     </span>
    </p>
   </div>
   <div class='ocr_carea' id='block_1_4' title="bbox 130 3242 1144 3384">
    <p class='ocr_par' dir='ltr' id='par_1_11' title="bbox 130 3242 1144 3384">
     <span class='ocr_line' id='line_1_35' title="bbox 130 3242 1144 3384; baseline 0.004 -90"><span class='ocrx_word' id='word_1_309' title='bbox 130 3247 161 3294; x_wconf 78' lang='lat'><strong>13</strong></span> <span class='ocrx_word' id='word_1_310' title='bbox 180 3243 261 3313; x_wconf 85' lang='lat' dir='ltr'><strong>quid]</strong></span> <span class='ocrx_word' id='word_1_311' title='bbox 280 3243 343 3310; x_wconf 86' lang='lat' dir='ltr'><strong>quis</strong></span> <span class='ocrx_word' id='word_1_312' title='bbox 363 3242 481 3314; x_wconf 69' lang='grc' dir='ltr'>(11ορ1</span> <span class='ocrx_word' id='word_1_313' title='bbox 502 3242 562 3296; x_wconf 91' lang='lat' dir='ltr'><strong>illio</strong></span> <span class='ocrx_word' id='word_1_314' title='bbox 580 3244 665 3314; x_wconf 72' lang='lat' dir='ltr'><strong>dEz]</strong></span> <span class='ocrx_word' id='word_1_315' title='bbox 685 3243 753 3296; x_wconf 90' lang='lat' dir='ltr'><strong>illue</strong></span> <span class='ocrx_word' id='word_1_316' title='bbox 775 3246 784 3309; x_wconf 71' lang='lat' dir='ltr'><strong>ll</strong></span> <span class='ocrx_word' id='word_1_317' title='bbox 806 3249 838 3295; x_wconf 82' lang='lat'><strong>14</strong></span> <span class='ocrx_word' id='word_1_318' title='bbox 856 3246 886 3297; x_wconf 87' lang='lat' dir='ltr'><strong>et</strong></span> <span class='ocrx_word' id='word_1_319' title='bbox 905 3260 929 3298; x_wconf 94' lang='grc' dir='ltr'><strong>ο.</strong></span> <span class='ocrx_word' id='word_1_320' title='bbox 950 3244 1007 3384; x_wconf 65' lang='lat' dir='ltr'><strong>aerq</strong></span> <span class='ocrx_word' id='word_1_321' title='bbox 1029 3261 1080 3298; x_wconf 83' lang='lat' dir='ltr'><strong>om.</strong></span> <span class='ocrx_word' id='word_1_322' title='bbox 1100 3245 1124 3298; x_wconf 79' lang='grc' dir='ltr'><em>δ</em></span> <span class='ocrx_word' id='word_1_323' title='bbox 1140 3244 1144 3312; x_wconf 84' lang='grc' dir='ltr'>Ι</span> 
     </span>
    </p>
   </div>
   <div class='ocr_carea' id='block_1_5' title="bbox 112 3313 1149 3605">
    <p class='ocr_par' dir='ltr' id='par_1_12' title="bbox 112 3313 1149 3605">
     <span class='ocr_line' id='line_1_36' title="bbox 129 3313 996 3385; baseline 0.002 -19"><span class='ocrx_word' id='word_1_324' title='bbox 129 3319 160 3366; x_wconf 85' lang='grc'>18</span> <span class='ocrx_word' id='word_1_325' title='bbox 180 3314 285 3385; x_wconf 76' lang='lat' dir='ltr'><strong>prosp]</strong></span> <span class='ocrx_word' id='word_1_326' title='bbox 306 3316 457 3383; x_wconf 85' lang='lat' dir='ltr'><strong>conspeetu</strong></span> <span class='ocrx_word' id='word_1_327' title='bbox 476 3316 500 3368; x_wconf 71' lang='lat' dir='ltr'><strong>d</strong></span> <span class='ocrx_word' id='word_1_328' title='bbox 522 3316 531 3383; x_wconf 73' lang='grc' dir='ltr'><strong>ΙΙ</strong></span> <span class='ocrx_word' id='word_1_329' title='bbox 553 3320 584 3366; x_wconf 81' lang='grc'>19</span> <span class='ocrx_word' id='word_1_330' title='bbox 603 3313 719 3383; x_wconf 85' lang='lat' dir='ltr'><strong>reliquit</strong></span> <span class='ocrx_word' id='word_1_331' title='bbox 741 3314 806 3368; x_wconf 83' lang='lat' dir='ltr'><strong>odd.</strong></span> <span class='ocrx_word' id='word_1_332' title='bbox 828 3316 875 3369; x_wconf 82' lang='lat' dir='ltr'><strong>Ge.</strong></span> <span class='ocrx_word' id='word_1_333' title='bbox 893 3317 897 3384; x_wconf 91' lang='grc' dir='ltr'>Ι</span> <span class='ocrx_word' id='word_1_334' title='bbox 913 3315 996 3384; x_wconf 84' lang='lat' dir='ltr'><strong>longe</strong></span> 
     </span>
     <span class='ocr_line' id='line_1_37' title="bbox 129 3385 1149 3458; baseline 0.001 -21"><span class='ocrx_word' id='word_1_335' title='bbox 129 3391 166 3437; x_wconf 80' lang='lat'><strong>20</strong></span> <span class='ocrx_word' id='word_1_336' title='bbox 184 3401 329 3456; x_wconf 83' lang='lat' dir='ltr'><strong>resurgere</strong></span> <span class='ocrx_word' id='word_1_337' title='bbox 346 3386 453 3456; x_wconf 83' lang='lat' dir='ltr'><strong>Haase]</strong></span> <span class='ocrx_word' id='word_1_338' title='bbox 477 3388 604 3455; x_wconf 87' lang='lat' dir='ltr'><strong>retegere</strong></span> <span class='ocrx_word' id='word_1_339' title='bbox 623 3387 693 3450; x_wconf 76' lang='grc' dir='ltr'><strong>δΦ,</strong></span> <span class='ocrx_word' id='word_1_340' title='bbox 715 3404 783 3440; x_wconf 80' lang='lat' dir='ltr'><strong>uum</strong></span> <span class='ocrx_word' id='word_1_341' title='bbox 801 3385 947 3456; x_wconf 79' lang='lat' dir='ltr'><strong>relegere?</strong></span> <span class='ocrx_word' id='word_1_342' title='bbox 964 3388 973 3455; x_wconf 87' lang='grc' dir='ltr'><strong>ΙΙ</strong></span> <span class='ocrx_word' id='word_1_343' title='bbox 991 3391 1026 3438; x_wconf 78' lang='lat'><strong>22</strong></span> <span class='ocrx_word' id='word_1_344' title='bbox 1046 3387 1094 3458; x_wconf 85' lang='lat' dir='ltr'><strong>an]</strong></span> <span class='ocrx_word' id='word_1_345' title='bbox 1117 3387 1149 3438; x_wconf 84' lang='lat' dir='ltr'><strong>ut</strong></span> 
     </span>
     <span class='ocr_line' id='line_1_38' title="bbox 118 3456 1148 3530; baseline -0.001 -20"><span class='ocrx_word' id='word_1_346' title='bbox 118 3459 152 3520; x_wconf 70' lang='lat' dir='ltr'><em>d</em></span> <span class='ocrx_word' id='word_1_347' title='bbox 168 3463 184 3523; x_wconf 80' lang='lat' dir='ltr'><strong>ll</strong></span> <span class='ocrx_word' id='word_1_348' title='bbox 203 3462 241 3510; x_wconf 78' lang='lat'><strong>24</strong></span> <span class='ocrx_word' id='word_1_349' title='bbox 256 3458 427 3530; x_wconf 88' lang='lat' dir='ltr'><strong>prorepunt]</strong></span> <span class='ocrx_word' id='word_1_350' title='bbox 453 3459 640 3526; x_wconf 88' lang='lat' dir='ltr'><strong>prorumpunt</strong></span> <span class='ocrx_word' id='word_1_351' title='bbox 658 3475 678 3529; x_wconf 82' lang='grc' dir='ltr'><strong><em>ρ</em></strong></span> <span class='ocrx_word' id='word_1_352' title='bbox 703 3459 867 3526; x_wconf 87' lang='lat' dir='ltr'><strong>proreptum</strong></span> <span class='ocrx_word' id='word_1_353' title='bbox 886 3461 907 3512; x_wconf 81' lang='grc' dir='ltr'><em>λ</em></span> <span class='ocrx_word' id='word_1_354' title='bbox 926 3460 934 3527; x_wconf 86' lang='grc' dir='ltr'><strong>ΙΙ</strong></span> <span class='ocrx_word' id='word_1_355' title='bbox 957 3461 992 3510; x_wconf 79' lang='lat'><strong>20</strong></span> <span class='ocrx_word' id='word_1_356' title='bbox 1011 3456 1099 3526; x_wconf 80' lang='lat' dir='ltr'><strong>tigrin</strong></span> <span class='ocrx_word' id='word_1_357' title='bbox 1117 3458 1148 3528; x_wconf 79' lang='grc' dir='ltr'><strong>Ρ]</strong></span> 
     </span>
     <span class='ocr_line' id='line_1_39' title="bbox 112 3526 1149 3605; baseline -0.001 -22"><span class='ocrx_word' id='word_1_358' title='bbox 112 3526 214 3595; x_wconf 74' lang='lat' dir='ltr'><strong>tigrim</strong></span> <span class='ocrx_word' id='word_1_359' title='bbox 233 3533 268 3584; x_wconf 91' lang='grc' dir='ltr'><em>Φ</em></span> <span class='ocrx_word' id='word_1_360' title='bbox 283 3533 397 3604; x_wconf 80' lang='lat' dir='ltr'><strong>tygrern</strong></span> <span class='ocrx_word' id='word_1_361' title='bbox 411 3533 437 3589; x_wconf 79' lang='grc' dir='ltr'><em>δ</em></span> <span class='ocrx_word' id='word_1_362' title='bbox 455 3529 563 3605; x_wconf 82' lang='lat' dir='ltr'><strong>tygrim</strong></span> <span class='ocrx_word' id='word_1_363' title='bbox 575 3536 599 3584; x_wconf 78' lang='lat' dir='ltr'>E</span> <span class='ocrx_word' id='word_1_364' title='bbox 616 3529 755 3600; x_wconf 71' lang='lat' dir='ltr'><strong>tigrumo</strong></span> <span class='ocrx_word' id='word_1_365' title='bbox 771 3529 781 3600; x_wconf 70' lang='grc'>1</span> <span class='ocrx_word' id='word_1_366' title='bbox 793 3529 925 3596; x_wconf 77' lang='lat' dir='ltr'><strong>dampnis</strong></span> <span class='ocrx_word' id='word_1_367' title='bbox 938 3528 1014 3582; x_wconf 82' lang='lat' dir='ltr'><strong>codd.</strong></span> <span class='ocrx_word' id='word_1_368' title='bbox 1029 3529 1149 3597; x_wconf 75' lang='lat' dir='ltr'><strong>plerique</strong></span> 
     </span>
    </p>
   </div>
   <div class='ocr_carea' id='block_1_6' title="bbox 1028 3314 1143 3385">
    <p class='ocr_par' dir='ltr' id='par_1_13' title="bbox 1028 3314 1143 3385">
     <span class='ocr_line' id='line_1_40' title="bbox 1028 3314 1143 3385; baseline 0 -16"><span class='ocrx_word' id='word_1_369' title='bbox 1028 3332 1078 3369; x_wconf 83' lang='lat' dir='ltr'><strong>om.</strong></span> <span class='ocrx_word' id='word_1_370' title='bbox 1100 3314 1143 3385; x_wconf 74' lang='lat' dir='ltr'><strong>dl</strong></span> 
     </span>
    </p>
   </div>
   <div class='ocr_carea' id='block_1_7' title="bbox 0 0 1209 3832">
    <p class='ocr_par' dir='ltr' id='par_1_14' title="bbox 0 0 1209 3832">
     <span class='ocr_line' id='line_1_41' title="bbox 0 0 1209 3832; baseline 0 0"><span class='ocrx_word' id='word_1_371' title='bbox 0 0 1209 3832; x_wconf 95' lang='lat' dir='ltr'><strong> </strong></span> 
     </span>
    </p>
   </div>
  </div>
 </body>
</html>
