2408 3832
262 157 398 212 uirus
418 152 732 221 currentiam.
753 157 866 205 22-24.
1008 153 1071 217 257
1154 225 1157 238 Ι

54 310 194 373 aleretur
212 310 267 370 aut
285 305 467 390 malignius.
505 302 650 367 dicebam
669 302 764 366 modo
783 301 866 365 nihil
886 301 1072 367 diuturnum
1092 318 1107 364 3

54 419 138 479 esse,
172 395 258 479 quod
286 393 404 458 exarsit
432 393 513 457 aeris
541 392 634 475 viti03
666 413 752 457 nune
785 391 923 475 amplius
956 390 1073 456 adicio:

55 487 189 550 ‘merari
221 505 257 547 ae
290 487 373 547 stare
405 482 495 546 nullo
528 482 625 546 medo
648 482 777 565 petest',
804 485 935 571 namet
964 479 1074 545 laxet

55 576 180 640 fulmen
212 577 244 637 et
276 573 368 636 stella
402 575 623 638 transcurrens
660 577 692 636 et
724 573 869 656 quisquis
907 575 988 640 alius
1026 579 1075 640 est

28 666 141 751 signis
165 669 236 727 aere
259 663 484 744 expressusin
506 662 585 746 fuga
608 666 656 726 est
674 682 734 726 nec
752 667 893 746 apparet,
916 663 979 728 nisi
998 664 1075 729 dum

58 754 155 818 cadit:
180 755 319 817 cometes
343 751 439 815 habet
463 774 552 815 suam
578 752 684 815 sedem
708 755 739 815 et
763 751 834 815 ideo
853 773 920 816 non
939 754 1003 818 cite
1023 776 1075 817 ex·

57 843 191 928 pellitur
221 840 276 905 sed
307 841 456 905 emetitur
487 841 627 925 spatium
659 863 752 905 suum
785 863 843 905 nec
876 843 1076 929 extinguitur

58 933 114 998 sed
138 931 270 995 excedit.

126 1021 179 1085 24.
209 1018 257 1083 ‘Si
281 1019 436 1102 erratica’,
466 1021 585 1104 inquit,
610 1021 715 1085 ‘stella
738 1024 834 1103 esset,
864 1022 898 1085 in
922 1021 1110 1106 signiferor

18 1140 45 1179 ιο
60 1110 163 1176 esset'
203 1111 274 1193 quis
297 1130 399 1172 unum
418 1110 520 1173 stellis
543 1109 681 1173 limitem
704 1111 805 1195 penit,
830 1111 901 1193 quis
925 1111 960 1174 in
979 1132 1076 1196 angu-

60 1205 146 1264 stum
171 1198 278 1262 divina
301 1198 488 1281 compellit?
527 1220 642 1283 nempe
665 1199 744 1264 haec
766 1201 837 1283 ipsa
861 1200 973 1282 sidera,
997 1221 1078 1283 quae

61 1291 130 1353 sola
162 1289 284 1352 moveri
317 1287 455 1368 creditis,
488 1287 567 1351 alios
599 1292 631 1352 et
663 1289 742 1353 alios
777 1289 912 1354 circulos
945 1288 1078 1352 habent:

62 1399 159 1462 quare
183 1398 261 1460 erge
284 1397 351 1441 non
374 1376 481 1460 aliqua
508 1377 586 1459 sint,
611 1400 692 1461 quae
715 1379 749 1442 in
773 1380 940 1462 preprium
964 1379 1079 1442 iteret

47 1469 101 1532 vab
125 1466 196 1531 istis
219 1468 379 1529 remotum
403 1467 621 1531 secesserunt?
664 1467 741 1550 quid
765 1472 821 1550 est,
846 1488 942 1550 quare
966 1469 999 1531 in
1024 1468 1079 1530 ali-

17 1585 47 1626 ιι
63 1579 126 1640 qua
148 1558 240 1639 parte
264 1553 343 1619 caeli
366 1557 513 1639 pervium
535 1557 684 1620 nonsit?
721 1556 808 1640 qued
827 1557 855 1620 si
874 1557 995 1620 iudicas
1013 1574 1114 1621 nona

62 1666 157 1730 posse
187 1643 287 1707 ullam
318 1643 457 1727 stellam,
485 1645 547 1708 nisi
572 1646 761 1730 signiferum
785 1646 930 1730 attingit,
952 1646 1079 1709 vadere:

63 1738 202 1800 cometes
225 1736 333 1817 petest
357 1733 402 1798 sie
425 1733 524 1797 alium
547 1733 665 1799 habere
689 1735 853 1817 circulum,
877 1739 915 1799 ut
937 1736 971 1799 in
994 1734 1081 1800 hunc

63 1829 172 1888 tamen
195 1826 285 1906 parte
309 1822 418 1905 aliqua
441 1822 491 1886 sui
514 1823 644 1906 incidat,
667 1825 753 1907 quod
775 1824 845 1888 fieri
868 1846 934 1888 non
957 1828 1005 1889 est
1028 1846 1081 1887 ne-

65 1913 237 1977 cessarium
270 1911 326 1974 sed
357 1914 465 1995 potest
491 1949 528 1958 -
554 1913 640 1994 vide,
672 1935 712 1976 ne
744 1913 807 1978 hec
838 1914 941 1998 magis
973 1914 1082 1978 deceat

19 2030 49 2071 ae
63 2001 318 2087 magnitudinem
338 2000 459 2082 mundi,
478 2004 515 2064 ut
533 2001 567 2063 in
585 2001 688 2065 multa
706 2003 822 2066 itinera
836 2002 956 2067 divisus
975 2002 1081 2085 hinc†

64 2096 96 2156 et
119 2112 178 2155 nec
201 2112 298 2154 unam
326 2088 448 2153 deterat
471 2091 618 2154 semitam
642 2092 755 2155 ceteris
778 2091 923 2175 partibus
946 2094 1082 2174 torpeat,

64 2180 166 2245 eredis
197 2183 304 2243 autem
334 2178 369 2241 in
398 2177 461 2242 hoe
483 2181 623 2243 maxime
648 2184 680 2243 et
708 2180 923 2262 pulcherrime
949 2197 1116 2263 corporea

137 2389 310 2472 idicebam]
329 2406 363 2443 ec.
378 2393 455 2456 22,1
475 2392 483 2461 Η
503 2393 518 2440 5
538 2391 600 2462 nec]
620 2394 649 2444 et
667 2407 724 2444 non
743 2392 766 2444 δ
783 2392 791 2460 l
811 2396 826 2442 7
846 2391 979 2443 emetitur
996 2389 1071 2444 Δ’Φ

10 2489 12 2496 ·
64 2462 193 2517 emititur
211 2467 230 2512 Τ
256 2461 396 2514 emititur
414 2461 534 2515 dJ²L¹0
553 2464 562 2531 l
581 2467 597 2514 9
617 2465 691 2516 esset
716 2461 799 2515 stella
817 2461 876 2515 coll.
896 2463 917 2515 λ
936 2464 944 2532 l
962 2467 990 2513 n
1009 2461 1071 2530 ipsa

65 2553 117 2589 om.
128 2536 175 2588 δΤ
189 2534 197 2601 l
211 2538 243 2585 12
258 2531 328 2585 alies
343 2533 383 2602 et]
398 2534 461 2599 sert.
476 2531 533 2585 alia
548 2533 604 2603 [set
618 2534 683 2604 oca]
699 2533 746 2588 Ge.
761 2535 814 2602 l1³
829 2532 899 2604 sint]
913 2534 979 2586 sunt
992 2532 1077 2603 A¹g¹l

65 2607 295 2659 14·secesserunt
317 2604 348 2686 T]
377 2608 550 2658 recesserunt
577 2605 728 2660 &Skutsch
755 2604 922 2658 secesserint
949 2607 1083 2672 θΡΖ(Φ)

66 2675 291 2732 successerint).
313 2675 316 2743 l
337 2675 378 2745 m]
402 2691 458 2727 non
480 2675 511 2727 in
530 2677 553 2729 δ
575 2677 583 2744 ll
608 2680 637 2728 le
658 2675 729 2729 caeli
748 2694 775 2745 p.
795 2676 864 2746 non]
887 2673 1015 2745 peruium
1035 2677 1058 2729 δ
1076 2676 1084 2743 l

67 2754 98 2801 16
117 2747 236 2816 attingit
253 2745 426 2816 undereL²z]
446 2746 544 2817 attigit
562 2748 667 2802 uadere
681 2749 784 2801 dFHP
802 2746 943 2815 attingere
957 2748 1030 2816 ηΕλ
1044 2747 1085 2800 bis

62 2836 123 2890 pes.
139 2825 167 2882 Τ,
186 2817 298 2871 stellam
321 2817 376 2870 nisi
395 2817 478 2870 fixam
497 2835 552 2871 non
571 2818 737 2888 signiferum
756 2818 896 2901 attingere
914 2819 955 2874 cel
973 2816 1085 2871 stellam

66 2888 475 3016 distiterit&
490 2890 624 3014 illisi
641 2891 717 3015 itii
735 2890 1086 3030 {illiteratis

67 3034 285 3158 ”refice
299 2979 862 3172 scallam}ee
960 3031 1085 3174 *rea

68 3123 217 3230 iacetani
230 3146 350 3230 adsere
363 3175 371 3242 l
387 3178 416 3224 rs
426 3175 518 3245 parte]
527 3148 553 3229 ἐ.
565 3122 744 3248 illicia
755 3121 780 3230 «i
791 3147 799 3244 l
814 3181 845 3228 ia
859 3106 954 3244 loreis
964 3207 996 3215 -
1006 3175 1085 3246 uide]

68 3249 150 3316 potes
169 3247 267 3299 uidere
286 3249 309 3301 δ
334 3247 342 3314 l
367 3250 402 3297 20
421 3245 451 3298 ii.
471 3245 562 3300 multa
580 3248 639 3302 cell.
659 3249 682 3301 δ
709 3251 712 3317 i
741 3247 861 3318 diuisus]
885 3265 920 3302 ec.
940 3248 1060 3301 merides
1080 3248 1084 3316 1

55 3318 137 3372 -hine
166 3319 206 3389 et]
239 3318 277 3371 sit
304 3333 355 3371 nec
387 3317 460 3370 hanc
487 3334 573 3371 unam
605 3319 699 3388 calpe,
728 3318 814 3372 micet
842 3320 954 3384 Mada,
985 3317 1088 3386 migret

70 3390 219 3455 Schultess,
242 3389 356 3443 incedat
374 3389 500 3454 Skutsch,
522 3390 619 3459 vigeat
636 3391 707 3456 Leo,
726 3389 799 3443 vices
824 3390 872 3461 det
893 3390 940 3444 Ge.
959 3390 967 3458 l
985 3394 1016 3441 21
1040 3389 1088 3442 de·

57 3461 158 3602 ·terat]]
177 3478 230 3530 pro
250 3459 432 3515 deterendam
450 3460 586 3528 praebeat
606 3464 610 3531 Ι
630 3462 758 3532 torpeat}
777 3463 886 3514 torreat
903 3463 926 3514 d
943 3463 1013 3527 tw.
1030 3476 1092 3510 ear-

67 3549 139 3601 pore
170 3535 296 3600 opered
927 3536 929 3540 ‘

114 3629 228 3670 Sartona
242 3642 370 3676 ruinani.
387 3646 497 3683 Querar.
512 3638 550 3681 ed.
566 3638 695 3682 Gereke.
935 3616 974 3662 Ἣ
